
@article{volino_effects_2024,
	title = {Effects of roughness on non-equilibrium turbulent boundary layers},
	issn = {1468-5248},
	doi = {10.1080/14685248.2024.2360186},
	language = {en},
	urldate = {2024-06-04},
	journal = {Journal of Turbulence},
	author = {Volino, Ralph J. and Fritsch, Daniel and Devenport, William J. and Eça, Luís and García-Mayoral, Ricardo and McKeon, Beverley and Piomelli, Ugo and Chung, Daniel and Vishwanathan, Vidya and Kerkvliet, Maarten and Toxopeus, Serge and Hutchins, Nicholas},
	month = may,
	year = {2024},
	pages = {2360186},
	file = {Volino et al. - 2024 - Effects of roughness on non-equilibrium turbulent .pdf:/home/masseyj/snap/zotero-snap/common/Zotero/storage/MM3RSZG2/Volino et al. - 2024 - Effects of roughness on non-equilibrium turbulent .pdf:application/pdf},
}

@article{abderrahaman-elena_modulation_2019,
	title = {Modulation of near-wall turbulence in the transitionally rough regime},
	volume = {865},
	issn = {0022-1120, 1469-7645},
	doi = {10.1017/jfm.2019.41},
	language = {en},
	urldate = {2024-06-04},
	journal = {J. Fluid Mech.},
	author = {Abderrahaman-Elena, Nabil and Fairhall, Chris T. and García-Mayoral, Ricardo},
	month = apr,
	year = {2019},
	pages = {1042--1071},
	file = {Abderrahaman-Elena et al. - 2019 - Modulation of near-wall turbulence in the transiti.pdf:/home/masseyj/snap/zotero-snap/common/Zotero/storage/8WQTEDIQ/Abderrahaman-Elena et al. - 2019 - Modulation of near-wall turbulence in the transiti.pdf:application/pdf},
}

@article{fairhall_effect_2019,
	title = {The effect of slip and surface texture on turbulence over superhydrophobic surfaces},
	volume = {861},
	issn = {0022-1120, 1469-7645},
	doi = {10.1017/jfm.2018.909},
	language = {en},
	urldate = {2024-06-04},
	journal = {J. Fluid Mech.},
	author = {Fairhall, C. T. and Abderrahaman-Elena, N. and García-Mayoral, R.},
	month = feb,
	year = {2019},
	pages = {88--118},
	file = {Fairhall et al. - 2019 - The effect of slip and surface texture on turbulen.pdf:/home/masseyj/snap/zotero-snap/common/Zotero/storage/GLS8L3FE/Fairhall et al. - 2019 - The effect of slip and surface texture on turbulen.pdf:application/pdf},
}

@article{mckeon_engine_2017,
	title = {The engine behind (wall) turbulence: perspectives on scale interactions},
	volume = {817},
	issn = {0022-1120, 1469-7645},
	shorttitle = {The engine behind (wall) turbulence},
	url = {https://www.cambridge.org/core/product/identifier/S002211201700115X/type/journal_article},
	doi = {10.1017/jfm.2017.115},
	language = {en},
	urldate = {2024-06-04},
	journal = {J. Fluid Mech.},
	author = {McKeon, B. J.},
	month = apr,
	year = {2017},
	pages = {P1},
	file = {McKeon - 2017 - The engine behind (wall) turbulence perspectives .pdf:/home/masseyj/snap/zotero-snap/common/Zotero/storage/SMRXMVHY/McKeon - 2017 - The engine behind (wall) turbulence perspectives .pdf:application/pdf},
}

@article{duvvuri_triadic_2015,
	title = {Triadic scale interactions in a turbulent boundary layer},
	volume = {767},
	copyright = {https://www.cambridge.org/core/terms},
	issn = {0022-1120, 1469-7645},
	doi = {10.1017/jfm.2015.79},
	language = {en},
	urldate = {2024-06-10},
	journal = {J. Fluid Mech.},
	author = {Duvvuri, Subrahmanyam and McKeon, Beverley J.},
	month = mar,
	year = {2015},
	pages = {R4},
	file = {Duvvuri and McKeon - 2015 - Triadic scale interactions in a turbulent boundary.pdf:/home/masseyj/snap/zotero-snap/common/Zotero/storage/TUZZUHN3/Duvvuri and McKeon - 2015 - Triadic scale interactions in a turbulent boundary.pdf:application/pdf},
}

@article{baxerres_evidence_2024,
	title = {Evidence of quasiequilibrium in pressure-gradient turbulent boundary layers},
	volume = {987},
	issn = {0022-1120, 1469-7645},
	url = {https://www.cambridge.org/core/product/identifier/S0022112024004403/type/journal_article},
	doi = {10.1017/jfm.2024.440},
	language = {en},
	urldate = {2024-06-11},
	journal = {J. Fluid Mech.},
	author = {Baxerres, Victor and Vinuesa, Ricardo and Nagib, Hassan},
	month = may,
	year = {2024},
	pages = {R8},
	file = {Baxerres et al. - 2024 - Evidence of quasiequilibrium in pressure-gradient .pdf:/home/masseyj/snap/zotero-snap/common/Zotero/storage/22J5TSUR/Baxerres et al. - 2024 - Evidence of quasiequilibrium in pressure-gradient .pdf:application/pdf},
}

@article{moarref_model-based_2013,
	title = {Model-based scaling of the streamwise energy density in high-{Reynolds}-number turbulent channels},
	volume = {734},
	copyright = {https://www.cambridge.org/core/terms},
	issn = {0022-1120, 1469-7645},
	url = {https://www.cambridge.org/core/product/identifier/S0022112013004576/type/journal_article},
	doi = {10.1017/jfm.2013.457},
	language = {en},
	urldate = {2024-06-04},
	journal = {J. Fluid Mech.},
	author = {Moarref, Rashad and Sharma, Ati S. and Tropp, Joel A. and McKeon, Beverley J.},
	month = nov,
	year = {2013},
	pages = {275--316},
	file = {Moarref et al. - 2013 - Model-based scaling of the streamwise energy densi.pdf:/home/masseyj/snap/zotero-snap/common/Zotero/storage/MJILZBYJ/Moarref et al. - 2013 - Model-based scaling of the streamwise energy densi.pdf:application/pdf},
}

@article{herrmann_interpolatory_2023,
	title = {Interpolatory input and output projections for flow control},
	volume = {971},
	issn = {0022-1120, 1469-7645},
	url = {https://www.cambridge.org/core/product/identifier/S0022112023006808/type/journal_article},
	doi = {10.1017/jfm.2023.680},
	language = {en},
	urldate = {2024-06-19},
	journal = {J. Fluid Mech.},
	author = {Herrmann, Benjamin and Baddoo, Peter J. and Dawson, Scott T.M. and Semaan, Richard and Brunton, Steven L. and McKeon, Beverley J.},
	month = sep,
	year = {2023},
	pages = {A27},
	file = {Herrmann et al. - 2023 - Interpolatory input and output projections for flo.pdf:/home/masseyj/snap/zotero-snap/common/Zotero/storage/XHQN8QNN/Herrmann et al. - 2023 - Interpolatory input and output projections for flo.pdf:application/pdf},
}

@article{garcia-mayoral_challenges_2024,
	title = {Challenges and perspective on the modelling of high-{Re}, incompressible, non-equilibrium, rough-wall boundary layers},
	issn = {1468-5248},
	url = {https://www.tandfonline.com/doi/full/10.1080/14685248.2024.2361738},
	doi = {10.1080/14685248.2024.2361738},
	language = {en},
	urldate = {2024-06-19},
	journal = {Journal of Turbulence},
	author = {García-Mayoral, Ricardo and Chung, Daniel and Durbin, Paul and Hutchins, Nicholas and Knopp, Tobias and McKeon, Beverley J. and Piomelli, Ugo and Sandberg, Richard D.},
	month = jun,
	year = {2024},
	pages = {2361738},
	file = {García-Mayoral et al. - 2024 - Challenges and perspective on the modelling of hig.pdf:/home/masseyj/snap/zotero-snap/common/Zotero/storage/NRSF3WVH/García-Mayoral et al. - 2024 - Challenges and perspective on the modelling of hig.pdf:application/pdf},
}

@misc{huang_spatio-temporal_2023,
	title = {Spatio-temporal characterization of non-linear forcing in turbulence},
	url = {http://arxiv.org/abs/2305.00095},
	language = {en},
	urldate = {2024-06-19},
	publisher = {arXiv},
	author = {Huang, Yuting and Toedtli, Simon S. and Chini, Gregory P. and McKeon, Beverley J.},
	month = apr,
	year = {2023},
	note = {arXiv:2305.00095 [physics]},
	keywords = {Physics - Fluid Dynamics},
	file = {Huang et al. - 2023 - Spatio-temporal characterization of non-linear for.pdf:/home/masseyj/snap/zotero-snap/common/Zotero/storage/U2W9MFEX/Huang et al. - 2023 - Spatio-temporal characterization of non-linear for.pdf:application/pdf},
}

@article{ahmed_resolvent_2021,
	title = {Resolvent analysis of stratification effects on wall-bounded shear flows},
	volume = {6},
	issn = {2469-990X},
	url = {https://link.aps.org/doi/10.1103/PhysRevFluids.6.084804},
	doi = {10.1103/PhysRevFluids.6.084804},
	language = {en},
	number = {8},
	urldate = {2024-06-19},
	journal = {Phys. Rev. Fluids},
	author = {Ahmed, M. A. and Bae, H. J. and Thompson, A. F. and McKeon, B. J.},
	month = aug,
	year = {2021},
	pages = {084804},
	file = {Ahmed et al. - 2021 - Resolvent analysis of stratification effects on wa.pdf:/home/masseyj/snap/zotero-snap/common/Zotero/storage/AMQAULUA/Ahmed et al. - 2021 - Resolvent analysis of stratification effects on wa.pdf:application/pdf},
}

@article{luhar_structure_2014,
	title = {On the structure and origin of pressure fluctuations in wall turbulence: predictions based on the resolvent analysis},
	volume = {751},
	copyright = {https://www.cambridge.org/core/terms},
	issn = {0022-1120, 1469-7645},
	shorttitle = {On the structure and origin of pressure fluctuations in wall turbulence},
	url = {https://www.cambridge.org/core/product/identifier/S0022112014002833/type/journal_article},
	doi = {10.1017/jfm.2014.283},
	language = {en},
	urldate = {2024-06-24},
	journal = {J. Fluid Mech.},
	author = {Luhar, M. and Sharma, A. S. and McKeon, B. J.},
	month = jul,
	year = {2014},
	pages = {38--70},
	file = {on-the-structure-and-origin-of-pressure-fluctuations-in-wall-turbulence-predictions-based-on-the-resolvent-analysis.pdf:/home/masseyj/snap/zotero-snap/common/Zotero/storage/A9E5AIH2/on-the-structure-and-origin-of-pressure-fluctuations-in-wall-turbulence-predictions-based-on-the-resolvent-analysis.pdf:application/pdf},
}

@article{rosenberg_efficient_2019,
	title = {Efficient representation of exact coherent states of the {Navier}–{Stokes} equations using resolvent analysis},
	volume = {51},
	issn = {1873-7005},
	url = {https://iopscience.iop.org/article/10.1088/1873-7005/aab1ab},
	doi = {10.1088/1873-7005/aab1ab},
	number = {1},
	urldate = {2024-06-24},
	journal = {Fluid Dyn. Res.},
	author = {Rosenberg, Kevin and McKeon, Beverley J},
	month = jan,
	year = {2019},
	pages = {011401},
	file = {Full Text:/home/masseyj/snap/zotero-snap/common/Zotero/storage/LPUE537F/Rosenberg and McKeon - 2019 - Efficient representation of exact coherent states .pdf:application/pdf},
}

@article{abtahi_challenges_2024,
	title = {On the challenges of estimating the low-wavenumber wall pressure field beneath a turbulent boundary layer using a microphone array},
	volume = {574},
	issn = {0022460X},
	url = {https://linkinghub.elsevier.com/retrieve/pii/S0022460X2300679X},
	doi = {10.1016/j.jsv.2023.118230},
	language = {en},
	urldate = {2024-07-18},
	journal = {Journal of Sound and Vibration},
	author = {Abtahi, Hesam and Karimi, Mahmoud and Maxit, Laurent},
	month = mar,
	year = {2024},
	pages = {118230},
	file = {Abtahi et al. - 2024 - On the challenges of estimating the low-wavenumber.pdf:/home/masseyj/snap/zotero-snap/common/Zotero/storage/LSGSTGFR/Abtahi et al. - 2024 - On the challenges of estimating the low-wavenumber.pdf:application/pdf},
}

@article{schmidt_bispectral_2020,
	title = {Bispectral mode decomposition of nonlinear flows},
	volume = {102},
	issn = {0924-090X, 1573-269X},
	url = {http://link.springer.com/10.1007/s11071-020-06037-z},
	doi = {10.1007/s11071-020-06037-z},
	language = {en},
	number = {4},
	urldate = {2024-08-05},
	journal = {Nonlinear Dyn},
	author = {Schmidt, Oliver T.},
	month = dec,
	year = {2020},
	pages = {2479--2501},
	file = {Schmidt - 2020 - Bispectral mode decomposition of nonlinear flows.pdf:/home/masseyj/snap/zotero-snap/common/Zotero/storage/E6GHBGTY/Schmidt - 2020 - Bispectral mode decomposition of nonlinear flows.pdf:application/pdf},
}

@article{gayme_streamwise_2010,
	title = {A streamwise constant model of turbulence in plane {Couette} flow},
	volume = {665},
	copyright = {https://www.cambridge.org/core/terms},
	issn = {0022-1120, 1469-7645},
	url = {https://www.cambridge.org/core/product/identifier/S0022112010003861/type/journal_article},
	doi = {10.1017/S0022112010003861},
	language = {en},
	urldate = {2024-08-08},
	journal = {J. Fluid Mech.},
	author = {Gayme, D. F. and McKeon, B. J. and Papachristodoulou, A. and Bamieh, B. and Doyle, J. C.},
	month = dec,
	year = {2010},
	pages = {99--119},
	file = {Gayme et al. - 2010 - A streamwise constant model of turbulence in plane.pdf:/home/masseyj/snap/zotero-snap/common/Zotero/storage/6XMQA2ES/Gayme et al. - 2010 - A streamwise constant model of turbulence in plane.pdf:application/pdf},
}

@article{barthel_closing_2021,
	title = {Closing the loop: nonlinear {Taylor} vortex flow through the lens of resolvent analysis},
	volume = {924},
	issn = {0022-1120, 1469-7645},
	shorttitle = {Closing the loop},
	url = {https://www.cambridge.org/core/product/identifier/S0022112021006236/type/journal_article},
	doi = {10.1017/jfm.2021.623},
	language = {en},
	urldate = {2024-08-08},
	journal = {J. Fluid Mech.},
	author = {Barthel, Benedikt and Zhu, Xiaojue and McKeon, Beverley},
	month = oct,
	year = {2021},
	pages = {A9},
	file = {Barthel et al. - 2021 - Closing the loop nonlinear Taylor vortex flow thr.pdf:/home/masseyj/snap/zotero-snap/common/Zotero/storage/LFSVD9E8/Barthel et al. - 2021 - Closing the loop nonlinear Taylor vortex flow thr.pdf:application/pdf},
}

@article{damani_nature_2024,
	title = {The {Nature} of {Turbulent} {Boundary} {Layer} {Sub}-{Convective} {Pressure} {Fluctuations}},
	language = {en},
	author = {Damani, Shishir and Totten, Eric and Butt, Humza and Sharma, Bhavika and Devenport, William J and Lowe, Todd K},
	year = {2024},
	file = {Damani et al. - 2024 - THE NATURE OF TURBULENT BOUNDARY LAYER SUB-CONVECT.pdf:/home/masseyj/snap/zotero-snap/common/Zotero/storage/RV9R3AE8/Damani et al. - 2024 - THE NATURE OF TURBULENT BOUNDARY LAYER SUB-CONVECT.pdf:application/pdf},
}

@article{liu_subconvective_2024,
	title = {Subconvective wall-pressure fluctuations in low-{Mach}-number turbulent channel flow},
	volume = {984},
	issn = {0022-1120, 1469-7645},
	url = {https://www.cambridge.org/core/product/identifier/S0022112024001095/type/journal_article},
	doi = {10.1017/jfm.2024.109},
	language = {en},
	urldate = {2024-08-09},
	journal = {J. Fluid Mech.},
	author = {Liu, Yi and Wang, Kan and Wang, Meng},
	month = apr,
	year = {2024},
	pages = {R2},
	file = {Liu et al. - 2024 - Subconvective wall-pressure fluctuations in low-Ma.pdf:/home/masseyj/snap/zotero-snap/common/Zotero/storage/LVM95ZRR/Liu et al. - 2024 - Subconvective wall-pressure fluctuations in low-Ma.pdf:application/pdf},
}

@article{yang_wavenumberfrequency_2022,
	title = {On the wavenumber–frequency spectrum of the wall pressure fluctuations in turbulent channel flow},
	volume = {937},
	issn = {0022-1120, 1469-7645},
	url = {https://www.cambridge.org/core/product/identifier/S0022112022001379/type/journal_article},
	doi = {10.1017/jfm.2022.137},
	language = {en},
	urldate = {2024-08-09},
	journal = {J. Fluid Mech.},
	author = {Yang, Bowen and Yang, Zixuan},
	month = apr,
	year = {2022},
	pages = {A39},
	file = {Yang and Yang - 2022 - On the wavenumber–frequency spectrum of the wall p.pdf:/home/masseyj/snap/zotero-snap/common/Zotero/storage/YJHSUJJB/Yang and Yang - 2022 - On the wavenumber–frequency spectrum of the wall p.pdf:application/pdf},
}

@article{corcos_structure_1964,
	title = {The structure of the turbulent pressure field in boundary-layer flows},
	volume = {18},
	issn = {0022-1120, 1469-7645},
	url = {http://www.journals.cambridge.org/abstract_S002211206400026X},
	doi = {10.1017/S002211206400026X},
	language = {en},
	number = {03},
	urldate = {2024-08-12},
	journal = {J. Fluid Mech.},
	author = {Corcos, G. M.},
	month = mar,
	year = {1964},
	pages = {353},
	file = {Corcos - 1964 - The structure of the turbulent pressure field in b.pdf:/home/masseyj/snap/zotero-snap/common/Zotero/storage/2V6ZDQXI/Corcos - 1964 - The structure of the turbulent pressure field in b.pdf:application/pdf},
}

@inproceedings{damani_characteristics_2024,
	address = {Orlando, FL},
	title = {The {Characteristics} of {Sub}-{Convective} {Wall} {Pressure} {Fluctuations} in a {Turbulent} {Boundary} {Layer}},
	isbn = {978-1-62410-711-5},
	url = {https://arc.aiaa.org/doi/10.2514/6.2024-1904},
	doi = {10.2514/6.2024-1904},
	language = {en},
	urldate = {2024-08-12},
	booktitle = {{AIAA} {SCITECH} 2024 {Forum}},
	publisher = {American Institute of Aeronautics and Astronautics},
	author = {Damani, Shishir and Butt, Humza and Totten, Eric and Chaware, Shreyas and Sharma, Bhavika and Devenport, William J. and Lowe, Todd},
	month = jan,
	year = {2024},
	file = {Damani et al. - 2024 - The Characteristics of Sub-Convective Wall Pressur.pdf:/home/masseyj/snap/zotero-snap/common/Zotero/storage/8DCDB9DG/Damani et al. - 2024 - The Characteristics of Sub-Convective Wall Pressur.pdf:application/pdf},
}

@article{choi_space-time_1990,
	title = {On the space-time characteristics of wall-pressure fluctuations},
	volume = {2},
	issn = {0899-8213},
	url = {https://pubs.aip.org/pof/article/2/8/1450/454363/On-the-space-time-characteristics-of-wall-pressure},
	doi = {10.1063/1.857593},
	language = {en},
	number = {8},
	urldate = {2024-08-12},
	journal = {Physics of Fluids A: Fluid Dynamics},
	author = {Choi, Haecheon and Moin, Parviz},
	month = aug,
	year = {1990},
	pages = {1450--1460},
	file = {Choi and Moin - 1990 - On the space-time characteristics of wall-pressure.pdf:/home/masseyj/snap/zotero-snap/common/Zotero/storage/2QLM78SW/Choi and Moin - 1990 - On the space-time characteristics of wall-pressure.pdf:application/pdf},
}

@article{graham_comparison_1997,
	title = {A {Comparison} of {Models} for the {Wavenumber}-{Frequency} {Spectrum} of {Turbulent} {Boundary}-{Layer} {Pressures}},
	volume = {206},
	copyright = {https://www.elsevier.com/tdm/userlicense/1.0/},
	issn = {0022460X},
	url = {https://linkinghub.elsevier.com/retrieve/pii/S0022460X97911147},
	doi = {10.1006/jsvi.1997.1114},
	language = {en},
	number = {4},
	urldate = {2024-08-15},
	journal = {Journal of Sound and Vibration},
	author = {Graham, W.R.},
	month = oct,
	year = {1997},
	pages = {541--565},
	file = {Graham - 1997 - A COMPARISON OF MODELS FOR THE WAVENUMBER–FREQUENC.pdf:/home/masseyj/snap/zotero-snap/common/Zotero/storage/YULAE64Z/Graham - 1997 - A COMPARISON OF MODELS FOR THE WAVENUMBER–FREQUENC.pdf:application/pdf},
}

@article{wilczek_spatio-temporal_2015,
	title = {Spatio-temporal spectra in the logarithmic layer of wall turbulence: large-eddy simulations and simple models},
	volume = {769},
	copyright = {https://www.cambridge.org/core/terms},
	issn = {0022-1120, 1469-7645},
	shorttitle = {Spatio-temporal spectra in the logarithmic layer of wall turbulence},
	url = {https://www.cambridge.org/core/product/identifier/S0022112015001160/type/journal_article},
	doi = {10.1017/jfm.2015.116},
	language = {en},
	urldate = {2024-08-15},
	journal = {J. Fluid Mech.},
	author = {Wilczek, Michael and Stevens, Richard J. A. M. and Meneveau, Charles},
	month = apr,
	year = {2015},
	pages = {R1},
	file = {Wilczek et al. - 2015 - Spatio-temporal spectra in the logarithmic layer o.pdf:/home/masseyj/snap/zotero-snap/common/Zotero/storage/N2S3CU9D/Wilczek et al. - 2015 - Spatio-temporal spectra in the logarithmic layer o.pdf:application/pdf},
}

@article{chase_character_1987,
	title = {The character of the turbulent wall pressure spectrum at subconvective wavenumbers and a suggested comprehensive model},
	volume = {112},
	copyright = {https://www.elsevier.com/tdm/userlicense/1.0/},
	issn = {0022460X},
	url = {https://linkinghub.elsevier.com/retrieve/pii/S0022460X87800986},
	doi = {10.1016/S0022-460X(87)80098-6},
	language = {en},
	number = {1},
	urldate = {2024-08-16},
	journal = {Journal of Sound and Vibration},
	author = {Chase, D.M.},
	month = jan,
	year = {1987},
	pages = {125--147},
	file = {Chase - 1987 - The character of the turbulent wall pressure spect.pdf:/home/masseyj/snap/zotero-snap/common/Zotero/storage/98KQET8E/Chase - 1987 - The character of the turbulent wall pressure spect.pdf:application/pdf},
}

@article{goody_empirical_2004,
	title = {Empirical {Spectral} {Model} of {Surface} {Pressure} {Fluctuations}},
	volume = {42},
	issn = {0001-1452, 1533-385X},
	url = {https://arc.aiaa.org/doi/10.2514/1.9433},
	doi = {10.2514/1.9433},
	language = {en},
	number = {9},
	urldate = {2024-08-19},
	journal = {AIAA Journal},
	author = {Goody, Michael},
	month = sep,
	year = {2004},
	pages = {1788--1794},
	file = {Goody - 2004 - Empirical Spectral Model of Surface Pressure Fluct.pdf:/home/masseyj/snap/zotero-snap/common/Zotero/storage/VGZC7VJX/Goody - 2004 - Empirical Spectral Model of Surface Pressure Fluct.pdf:application/pdf},
}

@article{frendi_new_2020,
	title = {A {New} {Turbulent} {Wall}-{Pressure} {Fluctuation} {Model} for {Fluid}–{Structure} {Interaction}},
	volume = {142},
	issn = {1048-9002, 1528-8927},
	url = {https://asmedigitalcollection.asme.org/vibrationacoustics/article/doi/10.1115/1.4045771/1072145/A-New-Turbulent-WallPressure-Fluctuation-Model-for},
	doi = {10.1115/1.4045771},
	language = {en},
	number = {2},
	urldate = {2024-08-19},
	journal = {Journal of Vibration and Acoustics},
	author = {Frendi, Abdelkader and Zhang, Man},
	month = apr,
	year = {2020},
	pages = {021018},
	file = {Frendi and Zhang - 2020 - A New Turbulent Wall-Pressure Fluctuation Model fo.pdf:/home/masseyj/snap/zotero-snap/common/Zotero/storage/CUBCWLQY/Frendi and Zhang - 2020 - A New Turbulent Wall-Pressure Fluctuation Model fo.pdf:application/pdf},
}

@article{grasso_analytical_2019,
	title = {Analytical models of the wall-pressure spectrum under a turbulent boundary layer with adverse pressure gradient},
	volume = {877},
	copyright = {https://www.cambridge.org/core/terms},
	issn = {0022-1120, 1469-7645},
	url = {https://www.cambridge.org/core/product/identifier/S0022112019006165/type/journal_article},
	doi = {10.1017/jfm.2019.616},
	language = {en},
	urldate = {2024-08-20},
	journal = {J. Fluid Mech.},
	author = {Grasso, G. and Jaiswal, P. and Wu, H. and Moreau, S. and Roger, M.},
	month = oct,
	year = {2019},
	pages = {1007--1062},
	file = {Grasso et al. - 2019 - Analytical models of the wall-pressure spectrum un.pdf:/home/masseyj/snap/zotero-snap/common/Zotero/storage/G6A5F6M4/Grasso et al. - 2019 - Analytical models of the wall-pressure spectrum un.pdf:application/pdf},
}

@article{howe_note_1992,
	title = {A note on the {Kraichnan}-{Phillips} theorem},
	volume = {234},
	language = {en},
	journal = {J . Fluid Mech.},
	author = {Howe, M S},
	year = {1992},
	pages = {443--448},
	file = {Howe - A note on the Kraichnan&#8212\;Phillips theorem.pdf:/home/masseyj/snap/zotero-snap/common/Zotero/storage/6S8H9J69/Howe - A note on the Kraichnan&#8212\;Phillips theorem.pdf:application/pdf},
}

@article{hwang_comparison_2009,
	title = {Comparison of semi-empirical models for turbulent boundary layer wall pressure spectra},
	volume = {319},
	doi = {https://doi.org/10.1016/j.jsv.2008.06.002},
	language = {en},
	number = {1-2},
	journal = {Journal of Sound and Vibration},
	author = {Hwang, Y F and Bonness, William K and Hambric, Stephen A},
	year = {2009},
	pages = {199--217},
	file = {Hwang et al. - 2009 - Comparison of semi-empirical models for turbulent .pdf:/home/masseyj/snap/zotero-snap/common/Zotero/storage/76ZZ5ECF/Hwang et al. - 2009 - Comparison of semi-empirical models for turbulent .pdf:application/pdf},
}

@article{dominique_artificial_2024,
	title = {Artificial neural networks modeling of wall pressure spectra beneath turbulent boundary layers},
	volume = {34},
	doi = {10.1063/5.0083241},
	language = {en},
	journal = {Physics of Fluids},
	author = {Dominique, J},
	year = {2024},
	file = {Dominique - 2024 - Artificial neural networks modeling of wall pressu.pdf:/home/masseyj/snap/zotero-snap/common/Zotero/storage/XLUYXI5Q/Dominique - 2024 - Artificial neural networks modeling of wall pressu.pdf:application/pdf},
}

@article{catlett_modeling_2023,
	title = {Modeling {Unsteady} {Surface} {Pressure} {Autospectra} for {Turbulent} {Boundary}-{Layer} {Flow} over {Small} {Dense} {Roughness}},
	volume = {61},
	issn = {0001-1452, 1533-385X},
	url = {https://arc.aiaa.org/doi/10.2514/1.J062643},
	doi = {10.2514/1.J062643},
	language = {en},
	number = {12},
	urldate = {2024-08-26},
	journal = {AIAA Journal},
	author = {Catlett, M. Ryan and Bryan, B. Skyler and Chang, Natasha and Hemingway, Hugh and Anderson, Jason M.},
	month = dec,
	year = {2023},
	pages = {5514--5531},
	file = {Catlett et al. - 2023 - Modeling Unsteady Surface Pressure Autospectra for.pdf:/home/masseyj/snap/zotero-snap/common/Zotero/storage/KUBCYG97/Catlett et al. - 2023 - Modeling Unsteady Surface Pressure Autospectra for.pdf:application/pdf},
}

@article{wills_measurements_1971,
	title = {Measurements of the wave-number/phase velocity spectrum of wall pressure beneath a turbulent boundary layer},
	volume = {45},
	copyright = {https://www.cambridge.org/core/terms},
	issn = {0022-1120, 1469-7645},
	url = {https://www.cambridge.org/core/product/identifier/S0022112071003008/type/journal_article},
	doi = {10.1017/S0022112071003008},
	language = {en},
	number = {1},
	urldate = {2024-08-26},
	journal = {J. Fluid Mech.},
	author = {Wills, J. A. B.},
	month = jan,
	year = {1971},
	pages = {65--90},
	file = {Wills - 1971 - Measurements of the wave-numberphase velocity spe.pdf:/home/masseyj/snap/zotero-snap/common/Zotero/storage/EJA3P8GK/Wills - 1971 - Measurements of the wave-numberphase velocity spe.pdf:application/pdf},
}

@article{wills_convection_1964,
	title = {On convection velocities in turbulent shear flows},
	volume = {20},
	copyright = {https://www.cambridge.org/core/terms},
	issn = {0022-1120, 1469-7645},
	url = {https://www.cambridge.org/core/product/identifier/S002211206400132X/type/journal_article},
	doi = {10.1017/S002211206400132X},
	language = {en},
	number = {3},
	urldate = {2024-08-28},
	journal = {J. Fluid Mech.},
	author = {Wills, J. A. B.},
	month = nov,
	year = {1964},
	pages = {417--432},
	file = {Wills - 1964 - On convection velocities in turbulent shear flows.pdf:/home/masseyj/snap/zotero-snap/common/Zotero/storage/RSB5XXBR/Wills - 1964 - On convection velocities in turbulent shear flows.pdf:application/pdf},
}

@article{witting_spectral_1986,
	title = {A {Spectral} {Model} of {Pressure} {Fluctuations} at a {Rigid} {Wall} {Bounding} an {Incompressible} {Fluid}, {Based} on {Turbulent} {Structures} in the {Boundary} {Layer}},
	volume = {26},
	issn = {07362501},
	url = {http://www.ingentaconnect.com/content/ince/ncej/1986/00000026/00000001/art00004},
	doi = {10.3397/1.2827660},
	language = {en},
	number = {1},
	urldate = {2024-08-30},
	journal = {Noise Control Eng. J.},
	author = {Witting, James M.},
	year = {1986},
	pages = {28},
	file = {Witting - 1986 - A Spectral Model of Pressure Fluctuations at a Rig.pdf:/home/masseyj/snap/zotero-snap/common/Zotero/storage/GTPL3XHQ/Witting - 1986 - A Spectral Model of Pressure Fluctuations at a Rig.pdf:application/pdf},
}

@article{hoyas_scaling_2006,
	title = {Scaling of the velocity fluctuations in turbulent channels up to {Reτ}=2003},
	volume = {18},
	issn = {1070-6631, 1089-7666},
	url = {https://pubs.aip.org/pof/article/18/1/011702/255572/Scaling-of-the-velocity-fluctuations-in-turbulent},
	doi = {10.1063/1.2162185},
	language = {en},
	number = {1},
	urldate = {2024-08-30},
	journal = {Physics of Fluids},
	author = {Hoyas, Sergio and Jiménez, Javier},
	month = jan,
	year = {2006},
	pages = {011702},
	file = {Hoyas and Jiménez - 2006 - Scaling of the velocity fluctuations in turbulent .pdf:/home/masseyj/snap/zotero-snap/common/Zotero/storage/Q6ICHZDQ/Hoyas and Jiménez - 2006 - Scaling of the velocity fluctuations in turbulent .pdf:application/pdf},
}

@article{klewicki_statistical_2008,
	title = {Statistical structure of the fluctuating wall pressure and its in-plane gradients at high {Reynolds} number},
	volume = {609},
	copyright = {https://www.cambridge.org/core/terms},
	issn = {0022-1120, 1469-7645},
	url = {https://www.cambridge.org/core/product/identifier/S0022112008002541/type/journal_article},
	doi = {10.1017/S0022112008002541},
	language = {en},
	urldate = {2024-09-06},
	journal = {J. Fluid Mech.},
	author = {Klewicki, J. C. and Priyadarshana, P. J. A. and Metzger, M. M.},
	month = aug,
	year = {2008},
	pages = {195--220},
	file = {Klewicki et al. - 2008 - Statistical structure of the fluctuating wall pres.pdf:/home/masseyj/snap/zotero-snap/common/Zotero/storage/K7CX423U/Klewicki et al. - 2008 - Statistical structure of the fluctuating wall pres.pdf:application/pdf},
}

@article{farabee_spectral_1991,
	title = {Spectral features of wall pressure fluctuations beneath turbulent boundary layers},
	volume = {3},
	issn = {0899-8213},
	url = {https://pubs.aip.org/pof/article/3/10/2410/402018/Spectral-features-of-wall-pressure-fluctuations},
	doi = {10.1063/1.858179},
	language = {en},
	number = {10},
	urldate = {2024-09-09},
	journal = {Physics of Fluids A: Fluid Dynamics},
	author = {Farabee, Theodore M. and Casarella, Mario J.},
	month = oct,
	year = {1991},
	pages = {2410--2420},
	file = {Full Text:/home/masseyj/snap/zotero-snap/common/Zotero/storage/LDEAVUDV/Farabee and Casarella - 1991 - Spectral features of wall pressure fluctuations be.pdf:application/pdf},
}

@article{morrison_interaction_2007,
	title = {The interaction between inner and outer regions of turbulent wall-bounded flow},
	volume = {365},
	copyright = {https://royalsociety.org/journals/ethics-policies/data-sharing-mining/},
	issn = {1364-503X, 1471-2962},
	url = {https://royalsocietypublishing.org/doi/10.1098/rsta.2006.1947},
	doi = {10.1098/rsta.2006.1947},
	language = {en},
	number = {1852},
	urldate = {2024-09-09},
	journal = {Phil. Trans. R. Soc. A.},
	author = {Morrison, Jonathan F},
	month = mar,
	year = {2007},
	pages = {683--698},
	file = {Full Text:/home/masseyj/snap/zotero-snap/common/Zotero/storage/QS849AHR/Morrison - 2007 - The interaction between inner and outer regions of.pdf:application/pdf},
}

@article{marusic_reynolds_2007,
	title = {Reynolds {Number} {Invariance} of the {Structure} {Inclination} {Angle} in {Wall} {Turbulence}},
	volume = {99},
	copyright = {http://link.aps.org/licenses/aps-default-license},
	issn = {0031-9007, 1079-7114},
	url = {https://link.aps.org/doi/10.1103/PhysRevLett.99.114504},
	doi = {10.1103/PhysRevLett.99.114504},
	language = {en},
	number = {11},
	urldate = {2024-09-09},
	journal = {Phys. Rev. Lett.},
	author = {Marusic, Ivan and Heuer, Weston D. C.},
	month = sep,
	year = {2007},
	pages = {114504},
	file = {Full Text:/home/masseyj/snap/zotero-snap/common/Zotero/storage/YWSDLCTX/Marusic and Heuer - 2007 - Reynolds Number Invariance of the Structure Inclin.pdf:application/pdf},
}

@article{eitel-amor_simulation_2014,
	title = {Simulation and validation of a spatially evolving turbulent boundary layer up to},
	volume = {47},
	issn = {0142727X},
	url = {https://linkinghub.elsevier.com/retrieve/pii/S0142727X14000319},
	doi = {10.1016/j.ijheatfluidflow.2014.02.006},
	language = {en},
	urldate = {2024-09-14},
	journal = {International Journal of Heat and Fluid Flow},
	author = {Eitel-Amor, Georg and Örlü, Ramis and Schlatter, Philipp},
	month = jun,
	year = {2014},
	pages = {57--69},
}

@article{lee_direct_2015,
	title = {Direct numerical simulation of turbulent channel flow up to},
	volume = {774},
	copyright = {https://www.cambridge.org/core/terms},
	issn = {0022-1120, 1469-7645},
	url = {https://www.cambridge.org/core/product/identifier/S0022112015002682/type/journal_article},
	doi = {10.1017/jfm.2015.268},
	language = {en},
	urldate = {2024-09-14},
	journal = {J. Fluid Mech.},
	author = {Lee, Myoungkyu and Moser, Robert D.},
	month = jul,
	year = {2015},
	pages = {395--415},
	file = {Submitted Version:/home/masseyj/snap/zotero-snap/common/Zotero/storage/TGD9NRGP/Lee and Moser - 2015 - Direct numerical simulation of turbulent channel f.pdf:application/pdf},
}

@article{de_graaff_reynolds-number_2000,
	title = {Reynolds-number scaling of the flat-plate turbulent boundary layer},
	volume = {422},
	copyright = {https://www.cambridge.org/core/terms},
	issn = {0022-1120, 1469-7645},
	url = {https://www.cambridge.org/core/product/identifier/S0022112000001713/type/journal_article},
	doi = {10.1017/S0022112000001713},
	language = {en},
	urldate = {2024-09-16},
	journal = {J. Fluid Mech.},
	author = {De Graaff, David B. and Eaton, John K.},
	month = nov,
	year = {2000},
	pages = {319--346},
	file = {Full Text:/home/masseyj/snap/zotero-snap/common/Zotero/storage/BWEB4I2W/De Graaff and Eaton - 2000 - Reynolds-number scaling of the flat-plate turbulen.pdf:application/pdf},
}

@article{kraichnan_pressure_1956,
	title = {Pressure {Fluctuations} in {Turbulent} {Flow} over a {Flat} {Plate}},
	volume = {28},
	issn = {0001-4966, 1520-8524},
	url = {https://pubs.aip.org/jasa/article/28/3/378/617121/Pressure-Fluctuations-in-Turbulent-Flow-over-a},
	doi = {10.1121/1.1908336},
	language = {en},
	number = {3},
	urldate = {2024-09-23},
	journal = {The Journal of the Acoustical Society of America},
	author = {Kraichnan, Robert H.},
	month = may,
	year = {1956},
	pages = {378--390},
	file = {Full Text:/home/masseyj/snap/zotero-snap/common/Zotero/storage/8DDJ2N3J/Kraichnan - 1956 - Pressure Fluctuations in Turbulent Flow over a Fla.pdf:application/pdf},
}

@article{de_salis_young_inter-scale_2024,
	title = {Inter-scale {Causality} {Relations} in {Wall} {Turbulence}},
	volume = {2753},
	issn = {1742-6588, 1742-6596},
	url = {https://iopscience.iop.org/article/10.1088/1742-6596/2753/1/012019},
	doi = {10.1088/1742-6596/2753/1/012019},
	number = {1},
	urldate = {2024-09-24},
	journal = {J. Phys.: Conf. Ser.},
	author = {De Salis Young, J and Hao, Z and Garcia-Mayoral, R},
	month = apr,
	year = {2024},
	pages = {012019},
	file = {Full Text:/home/masseyj/snap/zotero-snap/common/Zotero/storage/5LITKKKM/De Salis Young et al. - 2024 - Inter-scale Causality Relations in Wall Turbulence.pdf:application/pdf;Full Text:/home/masseyj/snap/zotero-snap/common/Zotero/storage/GU4Z9Y3K/De Salis Young et al. - 2024 - Inter-scale Causality Relations in Wall Turbulence.pdf:application/pdf},
}

@article{lee_spectral_2019,
	title = {Spectral analysis of the budget equation in turbulent channel flows at high {Reynolds} number},
	volume = {860},
	copyright = {https://www.cambridge.org/core/terms},
	issn = {0022-1120, 1469-7645},
	url = {https://www.cambridge.org/core/product/identifier/S0022112018009035/type/journal_article},
	doi = {10.1017/jfm.2018.903},
	language = {en},
	urldate = {2024-09-24},
	journal = {J. Fluid Mech.},
	author = {Lee, Myoungkyu and Moser, Robert D.},
	month = feb,
	year = {2019},
	pages = {886--938},
	file = {Submitted Version:/home/masseyj/snap/zotero-snap/common/Zotero/storage/KF6DHHJU/Lee and Moser - 2019 - Spectral analysis of the budget equation in turbul.pdf:application/pdf},
}

@article{pirozzoli_streamwise_2024,
	title = {On the streamwise velocity variance in the near-wall region of turbulent flows},
	volume = {989},
	issn = {0022-1120, 1469-7645},
	url = {https://www.cambridge.org/core/product/identifier/S0022112024004671/type/journal_article},
	doi = {10.1017/jfm.2024.467},
	language = {en},
	urldate = {2024-10-10},
	journal = {J. Fluid Mech.},
	author = {Pirozzoli, Sergio},
	month = jun,
	year = {2024},
	pages = {A5},
	file = {Full Text PDF:/home/masseyj/snap/zotero-snap/common/Zotero/storage/DGC3XE85/Pirozzoli - 2024 - On the streamwise velocity variance in the near-wall region of turbulent flows.pdf:application/pdf},
}

@article{hwang_meandering_2022,
	title = {Meandering features of wall-attached structures in turbulent boundary layer},
	volume = {7},
	issn = {2469-990X},
	url = {https://link.aps.org/doi/10.1103/PhysRevFluids.7.114603},
	doi = {10.1103/PhysRevFluids.7.114603},
	language = {en},
	number = {11},
	urldate = {2024-10-10},
	journal = {Phys. Rev. Fluids},
	author = {Hwang, Jinyul and Lee, Jae Hwa},
	month = nov,
	year = {2022},
	pages = {114603},
	file = {Full Text PDF:/home/masseyj/snap/zotero-snap/common/Zotero/storage/DA66WC4Y/Hwang and Lee - 2022 - Meandering features of wall-attached structures in turbulent boundary layer.pdf:application/pdf},
}

@article{hwang_near-wall_2024,
	title = {Near-wall streamwise turbulence intensity as {Re} τ → ∞},
	volume = {9},
	issn = {2469-990X},
	url = {https://link.aps.org/doi/10.1103/PhysRevFluids.9.044601},
	doi = {10.1103/PhysRevFluids.9.044601},
	language = {en},
	number = {4},
	urldate = {2024-10-10},
	journal = {Phys. Rev. Fluids},
	author = {Hwang, Yongyun},
	month = apr,
	year = {2024},
	pages = {044601},
	file = {Full Text:/home/masseyj/snap/zotero-snap/common/Zotero/storage/TCQ5NHGF/Hwang - 2024 - Near-wall streamwise turbulence intensity as Re τ .pdf:application/pdf},
}

@article{marusic_energy-efficient_2021,
	title = {An energy-efficient pathway to turbulent drag reduction},
	volume = {12},
	issn = {2041-1723},
	url = {https://www.nature.com/articles/s41467-021-26128-8},
	doi = {10.1038/s41467-021-26128-8},
	language = {en},
	number = {1},
	urldate = {2024-10-15},
	journal = {Nat Commun},
	author = {Marusic, Ivan and Chandran, Dileep and Rouhi, Amirreza and Fu, Matt K. and Wine, David and Holloway, Brian and Chung, Daniel and Smits, Alexander J.},
	month = oct,
	year = {2021},
	pages = {5805},
	file = {Marusic et al. - 2021 - An energy-efficient pathway to turbulent drag redu.pdf:/home/masseyj/snap/zotero-snap/common/Zotero/storage/3EA95N8Z/Marusic et al. - 2021 - An energy-efficient pathway to turbulent drag redu.pdf:application/pdf},
}

@article{mckeon_self-similar_2019,
	title = {Self-similar hierarchies and attached eddies},
	volume = {4},
	issn = {2469-990X},
	url = {https://link.aps.org/doi/10.1103/PhysRevFluids.4.082601},
	doi = {10.1103/PhysRevFluids.4.082601},
	language = {en},
	number = {8},
	urldate = {2024-10-22},
	journal = {Phys. Rev. Fluids},
	author = {McKeon, Beverley J.},
	month = aug,
	year = {2019},
	pages = {082601},
	file = {Full Text PDF:/home/masseyj/snap/zotero-snap/common/Zotero/storage/VN4CER56/McKeon - 2019 - Self-similar hierarchies and attached eddies.pdf:application/pdf},
}

@article{towne_resolvent-based_2020,
	title = {Resolvent-based estimation of space–time flow statistics},
	volume = {883},
	copyright = {https://www.cambridge.org/core/terms},
	issn = {0022-1120, 1469-7645},
	url = {https://www.cambridge.org/core/product/identifier/S0022112019008541/type/journal_article},
	doi = {10.1017/jfm.2019.854},
	language = {en},
	urldate = {2024-10-24},
	journal = {J. Fluid Mech.},
	author = {Towne, Aaron and Lozano-Durán, Adrián and Yang, Xiang},
	month = jan,
	year = {2020},
	pages = {A17},
	file = {Submitted Version:/home/masseyj/snap/zotero-snap/common/Zotero/storage/SVX72YZQ/Towne et al. - 2020 - Resolvent-based estimation of space–time flow statistics.pdf:application/pdf},
}

@article{marusic_scaling_2017,
	title = {Scaling of the streamwise turbulence intensity in the context of inner-outer interactions in wall turbulence},
	volume = {2},
	copyright = {https://link.aps.org/licenses/aps-default-license},
	issn = {2469-990X},
	url = {https://link.aps.org/doi/10.1103/PhysRevFluids.2.100502},
	doi = {10.1103/PhysRevFluids.2.100502},
	language = {en},
	number = {10},
	urldate = {2024-11-04},
	journal = {Phys. Rev. Fluids},
	author = {Marusic, Ivan and Baars, Woutijn J. and Hutchins, Nicholas},
	month = oct,
	year = {2017},
	pages = {100502},
	file = {Full Text PDF:/home/masseyj/snap/zotero-snap/common/Zotero/storage/SNIC7XB8/Marusic et al. - 2017 - Scaling of the streamwise turbulence intensity in the context of inner-outer interactions in wall tu.pdf:application/pdf},
}

@article{marusic_study_2008,
	title = {Study of the {Log}-{Layer} {Structure} in {Wall} {Turbulence} {Over} a {Very} {Large} {Range} of {Reynolds} {Number}},
	volume = {81},
	copyright = {http://www.springer.com/tdm},
	issn = {1386-6184, 1573-1987},
	url = {http://link.springer.com/10.1007/s10494-007-9116-0},
	doi = {10.1007/s10494-007-9116-0},
	language = {en},
	number = {1-2},
	urldate = {2024-11-04},
	journal = {Flow Turbulence Combust},
	author = {Marusic, Ivan and Hutchins, Nicholas},
	month = jul,
	year = {2008},
	pages = {115--130},
	file = {Full Text PDF:/home/masseyj/snap/zotero-snap/common/Zotero/storage/Y6VP3D6J/Marusic and Hutchins - 2008 - Study of the Log-Layer Structure in Wall Turbulence Over a Very Large Range of Reynolds Number.pdf:application/pdf},
}

@article{hutchins_large-scale_2007,
	title = {Large-scale influences in near-wall turbulence},
	volume = {365},
	copyright = {https://royalsociety.org/journals/ethics-policies/data-sharing-mining/},
	issn = {1364-503X, 1471-2962},
	url = {https://royalsocietypublishing.org/doi/10.1098/rsta.2006.1942},
	doi = {10.1098/rsta.2006.1942},
	language = {en},
	number = {1852},
	urldate = {2024-11-07},
	journal = {Phil. Trans. R. Soc. A.},
	author = {Hutchins, Nicholas and Marusic, Ivan},
	month = mar,
	year = {2007},
	pages = {647--664},
	file = {Submitted Version:/home/masseyj/snap/zotero-snap/common/Zotero/storage/BW6LCLSJ/Hutchins and Marusic - 2007 - Large-scale influences in near-wall turbulence.pdf:application/pdf},
}

@article{mathis_estimating_2013,
	title = {Estimating wall-shear-stress fluctuations given an outer region input},
	volume = {715},
	copyright = {https://www.cambridge.org/core/terms},
	issn = {0022-1120, 1469-7645},
	url = {https://www.cambridge.org/core/product/identifier/S0022112012005083/type/journal_article},
	doi = {10.1017/jfm.2012.508},
	language = {en},
	urldate = {2024-11-11},
	journal = {J. Fluid Mech.},
	author = {Mathis, Romain and Marusic, Ivan and Chernyshenko, Sergei I. and Hutchins, Nicholas},
	month = jan,
	year = {2013},
	pages = {163--180},
	file = {Full Text PDF:/home/masseyj/snap/zotero-snap/common/Zotero/storage/QGPRYQD7/Mathis et al. - 2013 - Estimating wall-shear-stress fluctuations given an outer region input.pdf:application/pdf},
}

@misc{cui_interpretation_2024,
	title = {The interpretation of the amplitude modulation coefficient and a transport-based alternative},
	url = {http://arxiv.org/abs/2408.15944},
	urldate = {2024-11-11},
	publisher = {arXiv},
	author = {Cui, Guangyao and Jacobi, Ian},
	month = aug,
	year = {2024},
	note = {arXiv:2408.15944 [physics]},
	keywords = {Physics - Fluid Dynamics},
	file = {Preprint PDF:/home/masseyj/snap/zotero-snap/common/Zotero/storage/VTTXDPN2/2408.15944v1.pdf:application/pdf;Snapshot:/home/masseyj/snap/zotero-snap/common/Zotero/storage/Y4Q6W6TT/2408.html:text/html},
}

@article{andreolli_separating_2023,
	title = {Separating large-scale superposition and modulation in turbulent channels},
	volume = {958},
	issn = {0022-1120, 1469-7645},
	url = {https://www.cambridge.org/core/product/identifier/S0022112023001039/type/journal_article},
	doi = {10.1017/jfm.2023.103},
	language = {en},
	urldate = {2024-11-11},
	journal = {J. Fluid Mech.},
	author = {Andreolli, Andrea and Gatti, Davide and Vinuesa, Ricardo and Örlü, Ramis and Schlatter, Philipp},
	month = mar,
	year = {2023},
	pages = {A37},
	file = {Full Text:/home/masseyj/snap/zotero-snap/common/Zotero/storage/JJV9T87U/Andreolli et al. - 2023 - Separating large-scale superposition and modulation in turbulent channels.pdf:application/pdf},
}

@article{yokoyama_energy-flux_2021,
	title = {Energy-flux vector in anisotropic turbulence: application to rotating turbulence},
	volume = {908},
	issn = {0022-1120, 1469-7645},
	shorttitle = {Energy-flux vector in anisotropic turbulence},
	url = {https://www.cambridge.org/core/product/identifier/S0022112020008605/type/journal_article},
	doi = {10.1017/jfm.2020.860},
	language = {en},
	urldate = {2024-11-25},
	journal = {J. Fluid Mech.},
	author = {Yokoyama, Naoto and Takaoka, Masanori},
	month = feb,
	year = {2021},
	pages = {A17},
	file = {Full Text:/home/masseyj/snap/zotero-snap/common/Zotero/storage/U4IFWSBR/Yokoyama and Takaoka - 2021 - Energy-flux vector in anisotropic turbulence application to rotating turbulence.pdf:application/pdf},
}

@article{arranz_informative_2024,
	title = {Informative and non-informative decomposition of turbulent flow fields},
	copyright = {Creative Commons Attribution 4.0 International},
	url = {https://arxiv.org/abs/2402.11448},
	doi = {10.48550/ARXIV.2402.11448},
	urldate = {2024-11-25},
	author = {Arranz, Gonzalo and Lozano-Durán, Adrian},
	year = {2024},
	note = {Publisher: arXiv
Version Number: 2},
	keywords = {Fluid Dynamics (physics.flu-dyn), FOS: Physical sciences, Chaotic Dynamics (nlin.CD), Computational Physics (physics.comp-ph)},
}

@misc{nagib_method_2024,
	title = {A method for evaluating relations of turbulent normal-stresses by experimental data over a wide range of {Reynolds} numbers},
	copyright = {Creative Commons Attribution 4.0 International},
	url = {https://arxiv.org/abs/2410.23669},
	doi = {10.48550/ARXIV.2410.23669},
	urldate = {2024-11-25},
	publisher = {arXiv},
	author = {Nagib, Hassan and Marusic, Ivan},
	year = {2024},
	note = {Version Number: 2},
	keywords = {Fluid Dynamics (physics.flu-dyn), FOS: Physical sciences},
}

@article{sun_dynamic_2023,
	title = {The dynamic nature of percolation on networks with triadic interactions},
	volume = {14},
	issn = {2041-1723},
	url = {https://www.nature.com/articles/s41467-023-37019-5},
	doi = {10.1038/s41467-023-37019-5},
	language = {en},
	number = {1},
	urldate = {2024-11-28},
	journal = {Nat Commun},
	author = {Sun, Hanlin and Radicchi, Filippo and Kurths, Jürgen and Bianconi, Ginestra},
	month = mar,
	year = {2023},
	pages = {1308},
	file = {Full Text:/home/masseyj/snap/zotero-snap/common/Zotero/storage/LW5KT5RQ/Sun et al. - 2023 - The dynamic nature of percolation on networks with triadic interactions.pdf:application/pdf},
}

@inproceedings{gao_stochastic_2020,
	address = {Barcelona, Spain},
	title = {Stochastic {Graph} {Neural} {Networks}},
	copyright = {https://ieeexplore.ieee.org/Xplorehelp/downloads/license-information/IEEE.html},
	isbn = {978-1-5090-6631-5},
	url = {https://ieeexplore.ieee.org/document/9054424/},
	doi = {10.1109/ICASSP40776.2020.9054424},
	urldate = {2024-11-28},
	booktitle = {{ICASSP} 2020 - 2020 {IEEE} {International} {Conference} on {Acoustics}, {Speech} and {Signal} {Processing} ({ICASSP})},
	publisher = {IEEE},
	author = {Gao, Zhan and Isufi, Elvin and Ribeiro, Alejandro},
	month = may,
	year = {2020},
	pages = {9080--9084},
	file = {Submitted Version:/home/masseyj/snap/zotero-snap/common/Zotero/storage/CL7LY2VG/Gao et al. - 2020 - Stochastic Graph Neural Networks.pdf:application/pdf},
}

@article{fukagata_contribution_2002,
	title = {Contribution of {Reynolds} stress distribution to the skin friction in wall-bounded flows},
	volume = {14},
	issn = {1070-6631, 1089-7666},
	url = {https://pubs.aip.org/pof/article/14/11/L73/1008765/Contribution-of-Reynolds-stress-distribution-to},
	doi = {10.1063/1.1516779},
	language = {en},
	number = {11},
	urldate = {2024-11-28},
	journal = {Physics of Fluids},
	author = {Fukagata, Koji and Iwamoto, Kaoru and Kasagi, Nobuhide},
	month = nov,
	year = {2002},
	pages = {L73--L76},
}

@misc{toedtli_coupled_2024,
	title = {Coupled dynamics of wall pressure and transpiration, with implications for the modeling of tailored surfaces and turbulent drag reduction},
	copyright = {Creative Commons Attribution 4.0 International},
	url = {https://arxiv.org/abs/2411.14616},
	doi = {10.48550/ARXIV.2411.14616},
	urldate = {2024-12-03},
	publisher = {arXiv},
	author = {Toedtli, Simon and Leonard, Anthony and McKeon, Beverley},
	year = {2024},
	note = {Version Number: 1},
	keywords = {Fluid Dynamics (physics.flu-dyn), FOS: Physical sciences},
	file = {Preprint PDF:/home/masseyj/snap/zotero-snap/common/Zotero/storage/FHW5BN7H/Toedtli et al. - 2024 - Coupled dynamics of wall pressure and transpiration, with implications for the modeling of tailored.pdf:application/pdf},
}

@article{hwang_linear_2010,
	title = {Linear non-normal energy amplification of harmonic and stochastic forcing in the turbulent channel flow},
	volume = {664},
	copyright = {https://www.cambridge.org/core/terms},
	issn = {0022-1120, 1469-7645},
	url = {https://www.cambridge.org/core/product/identifier/S0022112010003629/type/journal_article},
	doi = {10.1017/S0022112010003629},
	language = {en},
	urldate = {2024-12-03},
	journal = {J. Fluid Mech.},
	author = {Hwang, Yongyun and Cossu, Carlo},
	month = dec,
	year = {2010},
	pages = {51--73},
	file = {PDF:/home/masseyj/snap/zotero-snap/common/Zotero/storage/DAFQCDII/Hwang and Cossu - 2010 - Linear non-normal energy amplification of harmonic and stochastic forcing in the turbulent channel f.pdf:application/pdf},
}

@article{smits_reynolds_2021,
	title = {Reynolds stress scaling in the near-wall region of wall-bounded flows},
	volume = {926},
	issn = {0022-1120, 1469-7645},
	url = {https://www.cambridge.org/core/product/identifier/S0022112021007369/type/journal_article},
	doi = {10.1017/jfm.2021.736},
	language = {en},
	urldate = {2024-12-03},
	journal = {J. Fluid Mech.},
	author = {Smits, Alexander J. and Hultmark, Marcus and Lee, Myoungkyu and Pirozzoli, Sergio and Wu, Xiaohua},
	month = nov,
	year = {2021},
	pages = {A31},
	file = {PDF:/home/masseyj/snap/zotero-snap/common/Zotero/storage/BDPCXC5X/Smits et al. - 2021 - Reynolds stress scaling in the near-wall region of wall-bounded flows.pdf:application/pdf},
}

@article{morra_colour_2021,
	title = {The colour of forcing statistics in resolvent analyses of turbulent channel flows},
	volume = {907},
	issn = {0022-1120, 1469-7645},
	url = {https://www.cambridge.org/core/product/identifier/S0022112020008022/type/journal_article},
	doi = {10.1017/jfm.2020.802},
	language = {en},
	urldate = {2024-12-04},
	journal = {J. Fluid Mech.},
	author = {Morra, Pierluigi and Nogueira, Petrônio A. S. and Cavalieri, André V. G. and Henningson, Dan S.},
	month = jan,
	year = {2021},
	pages = {A24},
	file = {PDF:/home/masseyj/snap/zotero-snap/common/Zotero/storage/Z4YL4Y8V/Morra et al. - 2021 - The colour of forcing statistics in resolvent analyses of turbulent channel flows.pdf:application/pdf},
}

@article{nogueira_forcing_2021,
	title = {Forcing statistics in resolvent analysis: application in minimal turbulent {Couette} flow},
	volume = {908},
	issn = {0022-1120, 1469-7645},
	shorttitle = {Forcing statistics in resolvent analysis},
	url = {https://www.cambridge.org/core/product/identifier/S0022112020009180/type/journal_article},
	doi = {10.1017/jfm.2020.918},
	language = {en},
	urldate = {2024-12-04},
	journal = {J. Fluid Mech.},
	author = {Nogueira, Petrônio A. S. and Morra, Pierluigi and Martini, Eduardo and Cavalieri, André V. G. and Henningson, Dan S.},
	month = feb,
	year = {2021},
	pages = {A32},
	file = {PDF:/home/masseyj/snap/zotero-snap/common/Zotero/storage/2DGP872V/Nogueira et al. - 2021 - Forcing statistics in resolvent analysis application in minimal turbulent Couette flow.pdf:application/pdf},
}

@article{zare_colour_2017,
	title = {Colour of turbulence},
	volume = {812},
	copyright = {https://www.cambridge.org/core/terms},
	issn = {0022-1120, 1469-7645},
	url = {https://www.cambridge.org/core/product/identifier/S0022112016006820/type/journal_article},
	doi = {10.1017/jfm.2016.682},
	language = {en},
	urldate = {2024-12-04},
	journal = {J. Fluid Mech.},
	author = {Zare, Armin and Jovanović, Mihailo R. and Georgiou, Tryphon T.},
	month = feb,
	year = {2017},
	pages = {636--680},
	file = {PDF:/home/masseyj/snap/zotero-snap/common/Zotero/storage/RLQASCUG/Zare et al. - 2017 - Colour of turbulence.pdf:application/pdf},
}

@article{kim_structure_1989,
	title = {On the structure of pressure fluctuations in simulated turbulent channel flow},
	volume = {205},
	issn = {0022-1120, 1469-7645},
	url = {http://www.journals.cambridge.org/abstract_S0022112089002090},
	doi = {10.1017/S0022112089002090},
	language = {en},
	number = {-1},
	urldate = {2024-12-05},
	journal = {J. Fluid Mech.},
	author = {Kim, John},
	month = aug,
	year = {1989},
	pages = {421},
	file = {PDF:/home/masseyj/snap/zotero-snap/common/Zotero/storage/P2RJ9W3W/Kim - 1989 - On the structure of pressure fluctuations in simulated turbulent channel flow.pdf:application/pdf},
}

@article{hu_wall_2006,
	title = {Wall {Pressure} and {Shear} {Stress} {Spectra} from {Direct} {Simulations} of {Channel} {Flow}},
	volume = {44},
	issn = {0001-1452, 1533-385X},
	url = {https://arc.aiaa.org/doi/10.2514/1.17638},
	doi = {10.2514/1.17638},
	language = {en},
	number = {7},
	urldate = {2024-12-15},
	journal = {AIAA Journal},
	author = {Hu, Z. W. and Morfey, C. L. and Sandham, N. D.},
	month = jul,
	year = {2006},
	pages = {1541--1549},
	file = {PDF:/home/masseyj/snap/zotero-snap/common/Zotero/storage/43GEP2Y9/Hu et al. - 2006 - Wall Pressure and Shear Stress Spectra from Direct Simulations of Channel Flow.pdf:application/pdf},
}

@article{jimenez_turbulent_2008,
	title = {Turbulent fluctuations above the buffer layer of wall-bounded flows},
	volume = {611},
	copyright = {https://www.cambridge.org/core/terms},
	issn = {0022-1120, 1469-7645},
	url = {https://www.cambridge.org/core/product/identifier/S0022112008002747/type/journal_article},
	doi = {10.1017/S0022112008002747},
	language = {en},
	urldate = {2024-12-16},
	journal = {J. Fluid Mech.},
	author = {Jiménez, Javier and Hoyas, Sergio},
	month = sep,
	year = {2008},
	pages = {215--236},
	file = {PDF:/home/masseyj/snap/zotero-snap/common/Zotero/storage/L5RLTJ3N/Jiménez and Hoyas - 2008 - Turbulent fluctuations above the buffer layer of wall-bounded flows.pdf:application/pdf},
}

@article{samie_fully_2018,
	title = {Fully resolved measurements of turbulent boundary layer flows up to},
	volume = {851},
	copyright = {https://www.cambridge.org/core/terms},
	issn = {0022-1120, 1469-7645},
	url = {https://www.cambridge.org/core/product/identifier/S0022112018005086/type/journal_article},
	doi = {10.1017/jfm.2018.508},
	language = {en},
	urldate = {2025-01-21},
	journal = {J. Fluid Mech.},
	author = {Samie, M. and Marusic, I. and Hutchins, N. and Fu, M. K. and Fan, Y. and Hultmark, M. and Smits, A. J.},
	month = sep,
	year = {2018},
	pages = {391--415},
	file = {Full Text PDF:/home/masseyj/snap/zotero-snap/common/Zotero/storage/5ET9RI9E/Samie et al. - 2018 - Fully resolved measurements of turbulent boundary layer flows up to.pdf:application/pdf},
}

@article{deshpande_active_2025,
	title = {Active and inactive contributions to the wall pressure and wall-shear stress in turbulent boundary layers},
	volume = {1003},
	issn = {0022-1120, 1469-7645},
	url = {https://www.cambridge.org/core/product/identifier/S0022112024012187/type/journal_article},
	doi = {10.1017/jfm.2024.1218},
	language = {en},
	urldate = {2025-01-27},
	journal = {J. Fluid Mech.},
	author = {Deshpande, Rahul and Vinuesa, Ricardo and Klewicki, Joseph and Marusic, Ivan},
	month = jan,
	year = {2025},
	pages = {A24},
	file = {PDF:/home/masseyj/snap/zotero-snap/common/Zotero/storage/QI968QM3/Deshpande et al. - 2025 - Active and inactive contributions to the wall pressure and wall-shear stress in turbulent boundary l.pdf:application/pdf},
}

@article{baars_reynolds-number_2024,
	title = {Reynolds-number scaling of wall-pressure–velocity correlations in wall-bounded turbulence},
	volume = {981},
	issn = {0022-1120, 1469-7645},
	url = {https://www.cambridge.org/core/product/identifier/S0022112024000466/type/journal_article},
	doi = {10.1017/jfm.2024.46},
	language = {en},
	urldate = {2025-01-27},
	journal = {J. Fluid Mech.},
	author = {Baars, Woutijn J. and Dacome, Giulio and Lee, Myoungkyu},
	month = feb,
	year = {2024},
	pages = {A15},
	file = {PDF:/home/masseyj/snap/zotero-snap/common/Zotero/storage/3XY9LE4D/Baars et al. - 2024 - Reynolds-number scaling of wall-pressure–velocity correlations in wall-bounded turbulence.pdf:application/pdf},
}

@article{zhao_review_2024,
	title = {Review of {Wavenumber}-{Frequency} {Spectrum} {Models} of {Turbulent} {Boundary}-{Layer} {Wall} {Pressure} {Fluctuations}},
	issn = {0001-1452, 1533-385X},
	url = {https://arc.aiaa.org/doi/10.2514/1.J064561},
	doi = {10.2514/1.J064561},
	language = {en},
	urldate = {2025-01-27},
	journal = {AIAA Journal},
	author = {Zhao, Kun and Li, Yimeng and Pei, Rui and Li, Hongzhou and Bennett, Gareth J.},
	month = nov,
	year = {2024},
	pages = {1--27},
	file = {PDF:/home/masseyj/snap/zotero-snap/common/Zotero/storage/WWVZ74QP/Zhao et al. - 2024 - Review of Wavenumber-Frequency Spectrum Models of Turbulent Boundary-Layer Wall Pressure Fluctuation.pdf:application/pdf},
}

@book{tucker_marx-engels_1978,
	address = {New York, NY},
	edition = {Second edition},
	title = {The {Marx}-{Engels} {Reader}},
	isbn = {978-0-393-09040-6},
	language = {en},
	publisher = {Norton},
	author = {Marx, Karl and Engels, Friedrich},
	editor = {Tucker, Robert C.},
	year = {1978},
	file = {PDF:/home/masseyj/snap/zotero-snap/common/Zotero/storage/E6S7YQAI/Marx and Engels - 1978 - The Marx-Engels Reader.pdf:application/pdf},
}

@article{chase_modeling_1980,
	title = {Modeling the wavevector-frequency spectrum of turbulent boundary layer wall pressure},
	volume = {70},
	copyright = {https://www.elsevier.com/tdm/userlicense/1.0/},
	issn = {0022460X},
	url = {https://linkinghub.elsevier.com/retrieve/pii/0022460X80905532},
	doi = {10.1016/0022-460X(80)90553-2},
	language = {en},
	number = {1},
	urldate = {2025-01-29},
	journal = {Journal of Sound and Vibration},
	author = {Chase, D.M.},
	month = may,
	year = {1980},
	pages = {29--67},
	file = {PDF:/home/masseyj/snap/zotero-snap/common/Zotero/storage/937FT6HK/Chase - 1980 - Modeling the wavevector-frequency spectrum of turbulent boundary layer wall pressure.pdf:application/pdf},
}

@article{dominique_artificial_2022,
	title = {Artificial neural networks modeling of wall pressure spectra beneath turbulent boundary layers},
	volume = {34},
	issn = {1070-6631, 1089-7666},
	url = {https://pubs.aip.org/pof/article/34/3/035119/2845526/Artificial-neural-networks-modeling-of-wall},
	doi = {10.1063/5.0083241},
	language = {en},
	number = {3},
	urldate = {2025-01-30},
	journal = {Physics of Fluids},
	author = {Dominique, J. and Van Den Berghe, J. and Schram, C. and Mendez, M. A.},
	month = mar,
	year = {2022},
	pages = {035119},
	file = {PDF:/home/masseyj/snap/zotero-snap/common/Zotero/storage/JQLF3QZJ/Dominique et al. - 2022 - Artificial neural networks modeling of wall pressure spectra beneath turbulent boundary layers.pdf:application/pdf},
}

@article{shubham_more_2024,
	title = {More {General} {Wall} {Pressure} {Spectra} {Models}: {Combining} {Feature} {Engineering} with {Evolutionary} {Algorithms}},
	volume = {62},
	issn = {0001-1452, 1533-385X},
	shorttitle = {More {General} {Wall} {Pressure} {Spectra} {Models}},
	url = {https://arc.aiaa.org/doi/10.2514/1.J063322},
	doi = {10.2514/1.J063322},
	language = {en},
	number = {7},
	urldate = {2025-01-30},
	journal = {AIAA Journal},
	author = {Shubham, Shubham and Sandberg, Richard D. and Kushari, Abhijit},
	month = jul,
	year = {2024},
	pages = {2622--2637},
	file = {PDF:/home/masseyj/snap/zotero-snap/common/Zotero/storage/2AW47FUT/Shubham et al. - 2024 - More General Wall Pressure Spectra Models Combining Feature Engineering with Evolutionary Algorithm.pdf:application/pdf},
}

@article{panton_correlation_2017,
	title = {Correlation of pressure fluctuations in turbulent wall layers},
	volume = {2},
	copyright = {https://link.aps.org/licenses/aps-default-license},
	issn = {2469-990X},
	url = {https://link.aps.org/doi/10.1103/PhysRevFluids.2.094604},
	doi = {10.1103/PhysRevFluids.2.094604},
	language = {en},
	number = {9},
	urldate = {2025-02-04},
	journal = {Phys. Rev. Fluids},
	author = {Panton, Ronald L. and Lee, Myoungkyu and Moser, Robert D.},
	month = sep,
	year = {2017},
	pages = {094604},
	file = {PDF:/home/masseyj/snap/zotero-snap/common/Zotero/storage/LXCV6X9B/Panton et al. - 2017 - Correlation of pressure fluctuations in turbulent wall layers.pdf:application/pdf},
}

@article{guy_virginia_1980,
	title = {Virginia {Polytechnic} {Institute} and {State} {University} {Blacksburg}, {Virginia}},
	volume = {55},
	issn = {0035-7529, 1940-1191},
	url = {https://www.tandfonline.com/doi/full/10.1080/00357529.1980.11764651},
	doi = {10.1080/00357529.1980.11764651},
	language = {en},
	number = {4},
	urldate = {2025-02-04},
	journal = {Rocks \& Minerals},
	author = {Guy, Russell E.},
	month = jul,
	year = {1980},
	pages = {158--161},
	file = {PDF:/home/masseyj/snap/zotero-snap/common/Zotero/storage/P6P5UBC5/Guy - 1980 - Virginia Polytechnic Institute and State University Blacksburg, Virginia.pdf:application/pdf},
}

@article{lee_modeling_2005,
	title = {Modeling of {Wall} {Pressure} {Fluctuations} {Based} on {Time} {Mean} {Flow} {Field}},
	volume = {127},
	issn = {0098-2202, 1528-901X},
	url = {https://asmedigitalcollection.asme.org/fluidsengineering/article/127/2/233/454001/Modeling-of-Wall-Pressure-Fluctuations-Based-on},
	doi = {10.1115/1.1881698},
	language = {en},
	number = {2},
	urldate = {2025-02-04},
	journal = {Journal of Fluids Engineering},
	author = {Lee, Yu-Tai and Blake, William K. and Farabee, Theodore M.},
	month = mar,
	year = {2005},
	pages = {233--240},
	file = {PDF:/home/masseyj/snap/zotero-snap/common/Zotero/storage/L39UI4E5/Lee et al. - 2005 - Modeling of Wall Pressure Fluctuations Based on Time Mean Flow Field.pdf:application/pdf},
}

@article{wei_properties_2005,
	title = {Properties of the mean momentum balance in turbulent boundary layer, pipe and channel flows},
	volume = {522},
	issn = {0022-1120, 1469-7645},
	url = {http://www.journals.cambridge.org/abstract_S0022112004001958},
	doi = {10.1017/S0022112004001958},
	language = {en},
	urldate = {2025-02-19},
	journal = {J. Fluid Mech.},
	author = {Wei, T. and Fife, P. and Klewicki, J. and McMURTRY, P.},
	month = jan,
	year = {2005},
	pages = {303--327},
	file = {PDF:/home/masseyj/snap/zotero-snap/common/Zotero/storage/SD4BFKPS/Wei et al. - 2005 - Properties of the mean momentum balance in turbulent boundary layer, pipe and channel flows.pdf:application/pdf},
}

@article{anantharamu_analysis_2020,
	title = {Analysis of wall-pressure fluctuation sources from direct numerical simulation of turbulent channel flow},
	volume = {898},
	copyright = {https://www.cambridge.org/core/terms},
	issn = {0022-1120, 1469-7645},
	url = {https://www.cambridge.org/core/product/identifier/S0022112020004127/type/journal_article},
	doi = {10.1017/jfm.2020.412},
	language = {en},
	urldate = {2025-02-20},
	journal = {J. Fluid Mech.},
	author = {Anantharamu, Sreevatsa and Mahesh, Krishnan},
	month = sep,
	year = {2020},
	pages = {A17},
	file = {PDF:/home/masseyj/snap/zotero-snap/common/Zotero/storage/W42XRT37/Anantharamu and Mahesh - 2020 - Analysis of wall-pressure fluctuation sources from direct numerical simulation of turbulent channel.pdf:application/pdf},
}

@article{ding_mode--mode_2025,
	title = {Mode-to-mode nonlinear energy transfer in turbulent channel flows},
	volume = {1002},
	issn = {0022-1120, 1469-7645},
	url = {https://www.cambridge.org/core/product/identifier/S0022112024011935/type/journal_article},
	doi = {10.1017/jfm.2024.1193},
	language = {en},
	urldate = {2025-03-04},
	journal = {J. Fluid Mech.},
	author = {Ding, Jitong and Chung, Daniel and Illingworth, Simon J.},
	month = jan,
	year = {2025},
	pages = {A42},
	file = {PDF:/home/masseyj/snap/zotero-snap/common/Zotero/storage/3G88Z2TP/Ding et al. - 2025 - Mode-to-mode nonlinear energy transfer in turbulent channel flows.pdf:application/pdf},
}

@article{butt_pressure_2023,
	title = {Pressure {Gradient} {Effects} on {Boundary} {Layer} {Superstructures}},
	volume = {55},
	url = {https://www.tandfonline.com/doi/full/10.1080/00357529.1980.11764651},
	language = {en},
	urldate = {2025-03-10},
	author = {Butt, Humza and Damani, Shishir},
	year = {2023},
	file = {PDF:/home/masseyj/snap/zotero-snap/common/Zotero/storage/UX7GBWKG/Guy - 1980 - Virginia Polytechnic Institute and State University Blacksburg, Virginia.pdf:application/pdf},
}

@article{adrian_stochastic_1988,
	title = {Stochastic estimation of organized turbulent structure: homogeneous shear flow},
	volume = {190},
	copyright = {https://www.cambridge.org/core/terms},
	issn = {0022-1120, 1469-7645},
	shorttitle = {Stochastic estimation of organized turbulent structure},
	url = {https://www.cambridge.org/core/product/identifier/S0022112088001442/type/journal_article},
	doi = {10.1017/S0022112088001442},
	language = {en},
	urldate = {2025-03-12},
	journal = {J. Fluid Mech.},
	author = {Adrian, Ronald J. and Moin, Parviz},
	month = may,
	year = {1988},
	pages = {531--559},
	file = {PDF:/home/masseyj/snap/zotero-snap/common/Zotero/storage/38YNWX2L/Adrian and Moin - 1988 - Stochastic estimation of organized turbulent structure homogeneous shear flow.pdf:application/pdf},
}

@inproceedings{butt_pressure_2022,
	address = {Southampton, UK},
	title = {Pressure {Gradient} {Effects} on {Low}-{Wavenumber} {Wall}-{Pressure} {Fluctuations} in {Turbulent} {Boundary} {Layer} {Flows}},
	isbn = {978-1-62410-664-4},
	url = {https://arc.aiaa.org/doi/10.2514/6.2022-2803},
	doi = {10.2514/6.2022-2803},
	language = {en},
	urldate = {2025-03-13},
	booktitle = {28th {AIAA}/{CEAS} {Aeroacoustics} 2022 {Conference}},
	publisher = {American Institute of Aeronautics and Astronautics},
	author = {Butt, Humza and Damani, Shishir and Srivastava, Surabhi and Banks, Jarrod T. and Vishwanathan, Vidya and Devenport, William J. and Lowe, Todd and Glegg, Stewart A.},
	month = jun,
	year = {2022},
	file = {PDF:/home/masseyj/snap/zotero-snap/common/Zotero/storage/JGBBZEIX/Butt et al. - 2022 - Pressure Gradient Effects on Low-Wavenumber Wall-Pressure Fluctuations in Turbulent Boundary Layer F.pdf:application/pdf},
}

@article{mansour_reynolds-stress_1988,
	title = {Reynolds-stress and dissipation-rate budgets in a turbulent channel flow},
	volume = {194},
	issn = {0022-1120, 1469-7645},
	url = {http://www.journals.cambridge.org/abstract_S0022112088002885},
	doi = {10.1017/S0022112088002885},
	language = {en},
	number = {-1},
	urldate = {2025-03-17},
	journal = {J. Fluid Mech.},
	author = {Mansour, N. N. and Kim, J. and Moin, P.},
	month = sep,
	year = {1988},
	pages = {15},
	file = {PDF:/home/masseyj/snap/zotero-snap/common/Zotero/storage/HZXX23Z4/Mansour et al. - 1988 - Reynolds-stress and dissipation-rate budgets in a turbulent channel flow.pdf:application/pdf},
}

@article{mckeon_critical-layer_2010,
	title = {A critical-layer framework for turbulent pipe flow},
	volume = {658},
	copyright = {https://www.cambridge.org/core/terms},
	issn = {0022-1120, 1469-7645},
	url = {https://www.cambridge.org/core/product/identifier/S002211201000176X/type/journal_article},
	doi = {10.1017/S002211201000176X},
	language = {en},
	urldate = {2025-03-17},
	journal = {J. Fluid Mech.},
	author = {McKeon, B. J. and Sharma, A. S.},
	month = sep,
	year = {2010},
	pages = {336--382},
	file = {PDF:/home/masseyj/snap/zotero-snap/common/Zotero/storage/S5K84AGS/McKEON and Sharma - 2010 - A critical-layer framework for turbulent pipe flow.pdf:application/pdf},
}

@article{gibeau_low-_2021,
	title = {Low- and mid-frequency wall-pressure sources in a turbulent boundary layer},
	volume = {918},
	issn = {0022-1120, 1469-7645},
	url = {https://www.cambridge.org/core/product/identifier/S0022112021003396/type/journal_article},
	doi = {10.1017/jfm.2021.339},
	language = {en},
	urldate = {2025-03-18},
	journal = {J. Fluid Mech.},
	author = {Gibeau, Bradley and Ghaemi, Sina},
	month = jul,
	year = {2021},
	pages = {A18},
	file = {PDF:/home/masseyj/snap/zotero-snap/common/Zotero/storage/27VEYURK/Gibeau and Ghaemi - 2021 - Low- and mid-frequency wall-pressure sources in a turbulent boundary layer.pdf:application/pdf},
}

@article{guala_interactions_2011,
	title = {Interactions within the turbulent boundary layer at high {Reynolds} number},
	volume = {666},
	copyright = {https://www.cambridge.org/core/terms},
	issn = {0022-1120, 1469-7645},
	url = {https://www.cambridge.org/core/product/identifier/S0022112010004544/type/journal_article},
	doi = {10.1017/S0022112010004544},
	language = {en},
	urldate = {2025-03-18},
	journal = {J. Fluid Mech.},
	author = {Guala, M. and Metzger, M. and McKeon, B. J.},
	month = jan,
	year = {2011},
	pages = {573--604},
	file = {PDF:/home/masseyj/snap/zotero-snap/common/Zotero/storage/B9FKU7GX/Guala et al. - 2011 - Interactions within the turbulent boundary layer at high Reynolds number.pdf:application/pdf},
}

@book{schmid_stability_2001,
	address = {New York, NY},
	series = {Applied {Mathematical} {Sciences}},
	title = {Stability and {Transition} in {Shear} {Flows}},
	volume = {142},
	copyright = {http://www.springer.com/tdm},
	isbn = {978-1-4612-6564-1 978-1-4613-0185-1},
	url = {http://link.springer.com/10.1007/978-1-4613-0185-1},
	urldate = {2025-03-19},
	publisher = {Springer New York},
	author = {Schmid, Peter J. and Henningson, Dan S.},
	editor = {Marsden, J. E. and Sirovich, L.},
	year = {2001},
	doi = {10.1007/978-1-4613-0185-1},
}

@article{jacobi_interactions_2021,
	title = {Interactions between scales in wall turbulence: phase relationships, amplitude modulation and the importance of critical layers},
	volume = {914},
	issn = {0022-1120, 1469-7645},
	shorttitle = {Interactions between scales in wall turbulence},
	url = {https://www.cambridge.org/core/product/identifier/S0022112020007703/type/journal_article},
	doi = {10.1017/jfm.2020.770},
	language = {en},
	urldate = {2025-03-19},
	journal = {J. Fluid Mech.},
	author = {Jacobi, Ian and Chung, Daniel and Duvvuri, Subrahmanyam and McKeon, Beverley J.},
	month = may,
	year = {2021},
	pages = {A7},
	file = {PDF:/home/masseyj/snap/zotero-snap/common/Zotero/storage/Q8MB8KDT/Jacobi et al. - 2021 - Interactions between scales in wall turbulence phase relationships, amplitude modulation and the im.pdf:application/pdf},
}

@article{kim_very_1999,
	title = {Very large-scale motion in the outer layer},
	volume = {11},
	issn = {1070-6631, 1089-7666},
	url = {https://pubs.aip.org/pof/article/11/2/417/254037/Very-large-scale-motion-in-the-outer-layer},
	doi = {10.1063/1.869889},
	language = {en},
	number = {2},
	urldate = {2025-03-21},
	journal = {Physics of Fluids},
	author = {Kim, K. C. and Adrian, R. J.},
	month = feb,
	year = {1999},
	pages = {417--422},
	file = {PDF:/home/masseyj/snap/zotero-snap/common/Zotero/storage/W8PAJVPP/Kim and Adrian - 1999 - Very large-scale motion in the outer layer.pdf:application/pdf},
}

@article{smits_high-reynolds_2011,
	title = {High-{Reynolds} {Number} {Wall} {Turbulence}},
	volume = {43},
	issn = {0066-4189, 1545-4479},
	url = {https://www.annualreviews.org/doi/10.1146/annurev-fluid-122109-160753},
	doi = {10.1146/annurev-fluid-122109-160753},
	language = {en},
	number = {1},
	urldate = {2025-03-21},
	journal = {Annu. Rev. Fluid Mech.},
	author = {Smits, Alexander J. and McKeon, Beverley J. and Marusic, Ivan},
	month = jan,
	year = {2011},
	pages = {353--375},
	file = {PDF:/home/masseyj/snap/zotero-snap/common/Zotero/storage/FLUSGBEQ/Smits et al. - 2011 - High–Reynolds Number Wall Turbulence.pdf:application/pdf},
}

@article{lee_spacetime_2019,
	title = {Space–time formation of very-large-scale motions in turbulent pipe flow},
	volume = {881},
	issn = {0022-1120, 1469-7645},
	url = {https://www.cambridge.org/core/product/identifier/S0022112019007869/type/journal_article},
	doi = {10.1017/jfm.2019.786},
	language = {en},
	urldate = {2025-03-21},
	journal = {J. Fluid Mech.},
	author = {Lee, Jae Hwa and Sung, Hyung Jin and Adrian, Ronald J.},
	month = dec,
	year = {2019},
	pages = {1010--1047},
	file = {Full Text PDF:/home/masseyj/snap/zotero-snap/common/Zotero/storage/HY6H5MZ8/Lee et al. - 2019 - Space–time formation of very-large-scale motions in turbulent pipe flow.pdf:application/pdf},
}

@article{hwang_innerouter_2016,
	title = {Inner–outer interactions of large-scale structures in turbulent channel flow},
	volume = {790},
	copyright = {https://www.cambridge.org/core/terms},
	issn = {0022-1120, 1469-7645},
	url = {https://www.cambridge.org/core/product/identifier/S0022112016000033/type/journal_article},
	doi = {10.1017/jfm.2016.3},
	language = {en},
	urldate = {2025-03-21},
	journal = {J. Fluid Mech.},
	author = {Hwang, Jinyul and Lee, Jin and Sung, Hyung Jin and Zaki, Tamer A.},
	month = mar,
	year = {2016},
	pages = {128--157},
	file = {PDF:/home/masseyj/snap/zotero-snap/common/Zotero/storage/22PW3YX9/Hwang et al. - 2016 - Inner–outer interactions of large-scale structures in turbulent channel flow.pdf:application/pdf},
}

@article{monty_large-scale_2007,
	title = {Large-scale features in turbulent pipe and channel flows},
	volume = {589},
	copyright = {https://www.cambridge.org/core/terms},
	issn = {0022-1120, 1469-7645},
	url = {https://www.cambridge.org/core/product/identifier/S002211200700777X/type/journal_article},
	doi = {10.1017/S002211200700777X},
	language = {en},
	urldate = {2025-03-21},
	journal = {J. Fluid Mech.},
	author = {Monty, J. P. and Stewart, J. A. and Williams, R. C. and Chong, M. S.},
	month = oct,
	year = {2007},
	pages = {147--156},
	file = {PDF:/home/masseyj/snap/zotero-snap/common/Zotero/storage/59YDBZPV/Monty et al. - 2007 - Large-scale features in turbulent pipe and channel flows.pdf:application/pdf},
}

@article{balakumar_large-_2007,
	title = {Large- and very-large-scale motions in channel and boundary-layer flows},
	volume = {365},
	copyright = {https://royalsociety.org/journals/ethics-policies/data-sharing-mining/},
	issn = {1364-503X, 1471-2962},
	url = {https://royalsocietypublishing.org/doi/10.1098/rsta.2006.1940},
	doi = {10.1098/rsta.2006.1940},
	language = {en},
	number = {1852},
	urldate = {2025-03-21},
	journal = {Phil. Trans. R. Soc. A.},
	author = {Balakumar, B.J and Adrian, R.J},
	month = mar,
	year = {2007},
	pages = {665--681},
}

@article{cui_prediction_2023,
	title = {Prediction of the phase difference between large-scale velocity and {Reynolds} stress fluctuations in wall turbulence},
	volume = {969},
	issn = {0022-1120, 1469-7645},
	url = {https://www.cambridge.org/core/product/identifier/S0022112023005657/type/journal_article},
	doi = {10.1017/jfm.2023.565},
	language = {en},
	urldate = {2025-03-21},
	journal = {J. Fluid Mech.},
	author = {Cui, G. and Jacobi, I.},
	month = aug,
	year = {2023},
	pages = {A13},
	file = {Full Text:/home/masseyj/snap/zotero-snap/common/Zotero/storage/VRY9FMT7/Cui and Jacobi - 2023 - Prediction of the phase difference between large-scale velocity and Reynolds stress fluctuations in.pdf:application/pdf},
}

@article{mathis_large-scale_2009,
	title = {Large-scale amplitude modulation of the small-scale structures in turbulent boundary layers},
	volume = {628},
	copyright = {https://www.cambridge.org/core/terms},
	issn = {0022-1120, 1469-7645},
	url = {https://www.cambridge.org/core/product/identifier/S0022112009006946/type/journal_article},
	doi = {10.1017/S0022112009006946},
	language = {en},
	urldate = {2025-03-21},
	journal = {J. Fluid Mech.},
	author = {Mathis, Romain and Hutchins, Nicholas and Marusic, Ivan},
	month = jun,
	year = {2009},
	pages = {311--337},
	file = {PDF:/home/masseyj/snap/zotero-snap/common/Zotero/storage/8R77ED6S/Mathis et al. - 2009 - Large-scale amplitude modulation of the small-scale structures in turbulent boundary layers.pdf:application/pdf},
}

@article{marusic_high_2010,
	title = {High {Reynolds} number effects in wall turbulence},
	volume = {31},
	copyright = {https://www.elsevier.com/tdm/userlicense/1.0/},
	issn = {0142727X},
	url = {https://linkinghub.elsevier.com/retrieve/pii/S0142727X10000172},
	doi = {10.1016/j.ijheatfluidflow.2010.01.005},
	language = {en},
	number = {3},
	urldate = {2025-03-24},
	journal = {International Journal of Heat and Fluid Flow},
	author = {Marusic, Ivan and Mathis, Romain and Hutchins, Nicholas},
	month = jun,
	year = {2010},
	pages = {418--428},
	file = {PDF:/home/masseyj/snap/zotero-snap/common/Zotero/storage/N4ZLGEMF/Marusic et al. - High Reynolds number effects in wall turbulence.pdf:application/pdf},
}

@article{marusic_predictive_2010,
	title = {Predictive {Model} for {Wall}-{Bounded} {Turbulent} {Flow}},
	volume = {329},
	issn = {0036-8075, 1095-9203},
	url = {https://www.science.org/doi/10.1126/science.1188765},
	doi = {10.1126/science.1188765},
	language = {en},
	number = {5988},
	urldate = {2025-03-26},
	journal = {Science},
	author = {Marusic, I. and Mathis, R. and Hutchins, N.},
	month = jul,
	year = {2010},
	pages = {193--196},
	file = {PDF:/home/masseyj/snap/zotero-snap/common/Zotero/storage/4ZAQFGBJ/Marusic et al. - 2010 - Predictive Model for Wall-Bounded Turbulent Flow.pdf:application/pdf},
}

@article{townsend_structure_1951,
	title = {The structure of the turbulent boundary layer},
	volume = {47},
	copyright = {https://www.cambridge.org/core/terms},
	issn = {0305-0041, 1469-8064},
	url = {https://www.cambridge.org/core/product/identifier/S0305004100026724/type/journal_article},
	doi = {10.1017/S0305004100026724},
	language = {en},
	number = {2},
	urldate = {2025-03-29},
	journal = {Math. Proc. Camb. Phil. Soc.},
	author = {Townsend, A. A.},
	month = apr,
	year = {1951},
	pages = {375--395},
	file = {PDF:/home/masseyj/snap/zotero-snap/common/Zotero/storage/JAAMTVCG/Townsend - 1951 - The structure of the turbulent boundary layer.pdf:application/pdf},
}

@misc{dacome_scaling_2025,
	title = {Scaling of wall-pressure--velocity correlations in high {Reynolds} number turbulent pipe flow},
	copyright = {Creative Commons Attribution Non Commercial Share Alike 4.0 International},
	url = {https://arxiv.org/abs/2501.08018},
	doi = {10.48550/ARXIV.2501.08018},
	urldate = {2025-03-29},
	publisher = {arXiv},
	author = {Dacome, Giulio and Lazzarini, Lorenzo and Talamelli, Alessandro and Bellani, Gabriele and Baars, Woutijn J.},
	year = {2025},
	note = {Version Number: 1},
	keywords = {Fluid Dynamics (physics.flu-dyn), FOS: Physical sciences},
	file = {Preprint PDF:/home/masseyj/snap/zotero-snap/common/Zotero/storage/2Z8U4LLQ/Dacome et al. - 2025 - Scaling of wall-pressure--velocity correlations in high Reynolds number turbulent pipe flow.pdf:application/pdf},
}

@article{del_alamo_estimation_2009,
	title = {Estimation of turbulent convection velocities and corrections to {Taylor}'s approximation},
	volume = {640},
	copyright = {https://www.cambridge.org/core/terms},
	issn = {0022-1120, 1469-7645},
	url = {https://www.cambridge.org/core/product/identifier/S0022112009991029/type/journal_article},
	doi = {10.1017/S0022112009991029},
	language = {en},
	urldate = {2025-03-29},
	journal = {J. Fluid Mech.},
	author = {Del Álamo, Juan C. and Jiménez, Javier},
	month = dec,
	year = {2009},
	pages = {5--26},
}

@article{batchelor_effect_1954,
	title = {The {Effect} of {Rapid} {Distortion} of a {Fluid} in {Turbulent} {Motion}},
	volume = {7},
	issn = {0033-5614, 1464-3855},
	url = {https://academic.oup.com/qjmam/article-lookup/doi/10.1093/qjmam/7.1.83},
	doi = {10.1093/qjmam/7.1.83},
	language = {en},
	number = {1},
	urldate = {2025-03-30},
	journal = {Q J Mechanics Appl Math},
	author = {Batchelor, G. K. and Proudman, Ian},
	year = {1954},
	pages = {83--103},
}

@article{townsend_structure_1976,
	title = {The {Structure} of {Turbulent} {Shear} {Flow}},
	volume = {56},
	copyright = {http://onlinelibrary.wiley.com/termsAndConditions\#vor},
	issn = {0044-2267, 1521-4001},
	url = {https://onlinelibrary.wiley.com/doi/10.1002/zamm.19760560921},
	doi = {10.1002/zamm.19760560921},
	language = {en},
	number = {9},
	urldate = {2025-03-30},
	journal = {Z Angew Math Mech},
	author = {Townsend, A. A.},
	month = jan,
	year = {1976},
	pages = {448--448},
}

@article{tennekes_eulerian_1975,
	title = {Eulerian and {Lagrangian} time microscales in isotropic turbulence},
	volume = {67},
	copyright = {https://www.cambridge.org/core/terms},
	issn = {0022-1120, 1469-7645},
	url = {https://www.cambridge.org/core/product/identifier/S0022112075000468/type/journal_article},
	doi = {10.1017/S0022112075000468},
	language = {en},
	number = {3},
	urldate = {2025-03-30},
	journal = {J. Fluid Mech.},
	author = {Tennekes, H.},
	month = feb,
	year = {1975},
	pages = {561--567},
	file = {PDF:/home/masseyj/snap/zotero-snap/common/Zotero/storage/9SZN38D5/Tennekes - 1975 - Eulerian and Lagrangian time microscales in isotropic turbulence.pdf:application/pdf},
}

@article{tsuji_pressure_2007,
	title = {Pressure statistics and their scaling in high-{Reynolds}-number turbulent boundary layers},
	volume = {585},
	copyright = {https://www.cambridge.org/core/terms},
	issn = {0022-1120, 1469-7645},
	url = {https://www.cambridge.org/core/product/identifier/S0022112007006076/type/journal_article},
	doi = {10.1017/S0022112007006076},
	language = {en},
	urldate = {2025-03-31},
	journal = {J. Fluid Mech.},
	author = {Tsuji, Y. and Fransson, J. H. M. and Alfredsson, P. H. and Johansson, A. V.},
	month = aug,
	year = {2007},
	pages = {1--40},
	file = {PDF:/home/masseyj/snap/zotero-snap/common/Zotero/storage/LECV8CXX/Tsuji et al. - 2007 - Pressure statistics and their scaling in high-Reynolds-number turbulent boundary layers.pdf:application/pdf},
}

@article{huang_empirical_1998,
	title = {The empirical mode decomposition and the {Hilbert} spectrum for nonlinear and non-stationary time series analysis},
	volume = {454},
	issn = {1364-5021, 1471-2946},
	url = {https://royalsocietypublishing.org/doi/10.1098/rspa.1998.0193},
	doi = {10.1098/rspa.1998.0193},
	language = {en},
	number = {1971},
	urldate = {2025-04-08},
	journal = {Proc. R. Soc. Lond. A},
	author = {Huang, Norden E. and Shen, Zheng and Long, Steven R. and Wu, Manli C. and Shih, Hsing H. and Zheng, Quanan and Yen, Nai-Chyuan and Tung, Chi Chao and Liu, Henry H.},
	month = mar,
	year = {1998},
	pages = {903--995},
	file = {Submitted Version:/home/masseyj/snap/zotero-snap/common/Zotero/storage/3WDISEAV/Huang et al. - 1998 - The empirical mode decomposition and the Hilbert spectrum for nonlinear and non-stationary time seri.pdf:application/pdf},
}

@article{mateling_analysis_2022,
	title = {Analysis of spatiotemporal inner-outer large-scale interactions in turbulent channel flow by multivariate empirical mode decomposition},
	volume = {7},
	issn = {2469-990X},
	url = {https://link.aps.org/doi/10.1103/PhysRevFluids.7.034603},
	doi = {10.1103/PhysRevFluids.7.034603},
	language = {en},
	number = {3},
	urldate = {2025-04-08},
	journal = {Phys. Rev. Fluids},
	author = {Mäteling, Esther and Schröder, Wolfgang},
	month = mar,
	year = {2022},
	pages = {034603},
}

@book{blake_mechanics_1986,
	title = {Mechanics of {Flow}-{Induced} {Sound} and {Vibration} {V1}: {General} {Concepts} and {Elementary} {Sources}},
	volume = {1},
	url = {https://www.sciencedirect.com/book/9780128092736/mechanics-of-flow-induced-sound-and-vibration-volume-1},
	publisher = {Elsevier},
	author = {Blake, William K.},
	year = {1986},
}

@article{moser_direct_1999,
	title = {Direct numerical simulation of turbulent channel flow up to {Reτ}=590},
	volume = {11},
	issn = {1070-6631, 1089-7666},
	url = {https://pubs.aip.org/pof/article/11/4/943/253866/Direct-numerical-simulation-of-turbulent-channel},
	doi = {10.1063/1.869966},
	language = {en},
	number = {4},
	urldate = {2025-04-16},
	journal = {Physics of Fluids},
	author = {Moser, Robert D. and Kim, John and Mansour, Nagi N.},
	month = apr,
	year = {1999},
	pages = {943--945},
	file = {PDF:/home/masseyj/snap/zotero-snap/common/Zotero/storage/2RCPNA5S/Moser et al. - 1999 - Direct numerical simulation of turbulent channel flow up to Reτ=590.pdf:application/pdf},
}

@article{bradshaw_inactive_1967,
	title = {'{Inactive}' motion and pressure fluctuations in turbulent boundary layers},
	volume = {30},
	copyright = {https://www.cambridge.org/core/terms},
	issn = {0022-1120, 1469-7645},
	url = {https://www.cambridge.org/core/product/identifier/S0022112067001417/type/journal_article},
	doi = {10.1017/S0022112067001417},
	language = {en},
	number = {2},
	urldate = {2025-04-23},
	journal = {J. Fluid Mech.},
	author = {Bradshaw, P.},
	month = nov,
	year = {1967},
	pages = {241--258},
}

@article{panton_wall_1974,
	title = {Wall pressure spectra calculations for equilibrium boundary layers},
	volume = {65},
	copyright = {https://www.cambridge.org/core/terms},
	issn = {0022-1120, 1469-7645},
	url = {https://www.cambridge.org/core/product/identifier/S0022112074001388/type/journal_article},
	doi = {10.1017/S0022112074001388},
	language = {en},
	number = {2},
	urldate = {2025-04-23},
	journal = {J. Fluid Mech.},
	author = {Panton, Ronald L. and Linebarger, John H.},
	month = aug,
	year = {1974},
	pages = {261--287},
	file = {Submitted Version:/home/masseyj/snap/zotero-snap/common/Zotero/storage/CHBFDAF2/Panton and Linebarger - 1974 - Wall pressure spectra calculations for equilibrium boundary layers.pdf:application/pdf},
}

@article{guala_large-scale_2006,
	title = {Large-scale and very-large-scale motions in turbulent pipe flow},
	volume = {554},
	issn = {0022-1120, 1469-7645},
	url = {http://www.journals.cambridge.org/abstract_S0022112006008871},
	doi = {10.1017/S0022112006008871},
	language = {en},
	number = {-1},
	urldate = {2025-04-23},
	journal = {J. Fluid Mech.},
	author = {Guala, M. and Hommema, S. E. and Adrian, R. J.},
	month = may,
	year = {2006},
	pages = {521},
	file = {PDF:/home/masseyj/snap/zotero-snap/common/Zotero/storage/TJR5GQXU/Guala et al. - 2006 - Large-scale and very-large-scale motions in turbulent pipe flow.pdf:application/pdf},
}

@article{fritsch_fluctuating_2022,
	title = {Fluctuating {Pressure} {Beneath} {Smooth} {Wall} {Boundary} {Layers} in {Nonequilibrium} {Pressure} {Gradients}},
	volume = {60},
	issn = {0001-1452, 1533-385X},
	url = {https://arc.aiaa.org/doi/10.2514/1.J061431},
	doi = {10.2514/1.J061431},
	language = {en},
	number = {8},
	urldate = {2025-04-23},
	journal = {AIAA Journal},
	author = {Fritsch, Daniel J. and Vishwanathan, Vidya and Todd Lowe, K. and Devenport, William J.},
	month = aug,
	year = {2022},
	pages = {4725--4743},
	file = {PDF:/home/masseyj/snap/zotero-snap/common/Zotero/storage/888JAJMF/Fritsch et al. - 2022 - Fluctuating Pressure Beneath Smooth Wall Boundary Layers in Nonequilibrium Pressure Gradients.pdf:application/pdf},
}

@article{morrison_scaling_2004,
	title = {Scaling of the streamwise velocity component in turbulent pipe flow},
	volume = {508},
	issn = {0022-1120, 1469-7645},
	url = {http://www.journals.cambridge.org/abstract_S0022112004008985},
	doi = {10.1017/S0022112004008985},
	language = {en},
	urldate = {2025-04-23},
	journal = {J. Fluid Mech.},
	author = {Morrison, J. F. and McKEON, B. J. and Jiang, W. and Smits, A. J.},
	month = jun,
	year = {2004},
	pages = {99--131},
	file = {PDF:/home/masseyj/snap/zotero-snap/common/Zotero/storage/VBJE8U9Z/Morrison et al. - 2004 - Scaling of the streamwise velocity component in turbulent pipe flow.pdf:application/pdf},
}

@book{cramer_stationary_2013,
	title = {Stationary and {Related} {Stochastic} {Processes}: {Sample} {Function} {Properties} and {Their} {Applications}},
	isbn = {978-1-306-36559-8},
	shorttitle = {Stationary and {Related} {Stochastic} {Processes}},
	language = {eng},
	publisher = {Dover Publications},
	author = {Cramér, Harald and Leadbetter, M. Ross},
	year = {2013},
	note = {OCLC: 1162479530},
}

@article{rosenberg_turbulence_2013,
	title = {Turbulence spectra in smooth- and rough-wall pipe flow at extreme {Reynolds} numbers},
	volume = {731},
	copyright = {https://www.cambridge.org/core/terms},
	issn = {0022-1120, 1469-7645},
	url = {https://www.cambridge.org/core/product/identifier/S0022112013003595/type/journal_article},
	doi = {10.1017/jfm.2013.359},
	abstract = {Well-resolved streamwise velocity spectra are reported for smooth- and rough-wall turbulent pipe ﬂow over a large range of Reynolds numbers. The turbulence structure far from the wall is seen to be unaffected by the roughness, in accordance with Townsend’s Reynolds number similarity hypothesis. Moreover, the energy spectra within the turbulent wall region follow the classical inner and outer scaling behaviour. While an overlap region between the two scalings and the associated kx−1 law are observed near R+ ≈ 3000, the kx−1 behaviour is obfuscated at higher Reynolds numbers due to the evolving energy content of the large scales (the very-large-scale motions, or VLSMs). We apply a semi-empirical correction (del ´Alamo \& Jime´nez, J. Fluid Mech., vol. 640, 2009, pp. 5–26) to the experimental data to estimate how Taylor’s frozen ﬁeld hypothesis distorts the pseudo-spatial spectra inferred from time-resolved measurements. While the correction tends to suppress the long wavelength peak in the logarithmic layer spectrum, the peak nonetheless appears to be a robust feature of pipe ﬂow at high Reynolds number. The inertial subrange develops around R+ {\textgreater} 2000 where the characteristic k−5/3 x region is evident, which, for high Reynolds numbers, persists in the wake and logarithmic regions. In the logarithmic region, the streamwise wavelength of the VLSM peak scales with distance from the wall, which is in contrast to boundary layers, where the superstructures have been shown to scale with boundary layer thickness throughout the entire shear layer. Moreover, the similarity in the streamwise wavelength scaling of the large- and very-large-scale motions supports the notion that the two are physically interdependent.},
	language = {en},
	urldate = {2025-04-23},
	journal = {J. Fluid Mech.},
	author = {Rosenberg, B. J. and Hultmark, M. and Vallikivi, M. and Bailey, S. C. C. and Smits, A. J.},
	month = sep,
	year = {2013},
	pages = {46--63},
	file = {PDF:/home/masseyj/snap/zotero-snap/common/Zotero/storage/DHG7UA2M/Rosenberg et al. - 2013 - Turbulence spectra in smooth- and rough-wall pipe flow at extreme Reynolds numbers.pdf:application/pdf},
}

@article{willmarth_measurements_1962,
	title = {Measurements of the fluctuating pressure at the wall beneath a thick turbulent boundary layer},
	volume = {14},
	copyright = {https://www.cambridge.org/core/terms},
	issn = {0022-1120, 1469-7645},
	url = {https://www.cambridge.org/core/product/identifier/S0022112062001160/type/journal_article},
	doi = {10.1017/S0022112062001160},
	language = {en},
	number = {2},
	urldate = {2025-04-26},
	journal = {J. Fluid Mech.},
	author = {Willmarth, W. W. and Wooldridge, C. E.},
	month = oct,
	year = {1962},
	pages = {187--210},
	file = {PDF:/home/masseyj/snap/zotero-snap/common/Zotero/storage/DBLJZABR/Willmarth and Wooldridge - 1962 - Measurements of the fluctuating pressure at the wall beneath a thick turbulent boundary layer.pdf:application/pdf},
}

@article{bull_wall-pressure_1996,
	title = {Wall-{Pressure} {Fluctuations} {Beneath} {Turbulent} {Boundary} {Layers}: {Some} {Reflections} on {Forty} {Years} of {Research}},
	volume = {190},
	copyright = {https://www.elsevier.com/tdm/userlicense/1.0/},
	issn = {0022460X},
	shorttitle = {{WALL}-{PRESSURE} {FLUCTUATIONS} {BENEATH} {TURBULENT} {BOUNDARY} {LAYERS}},
	url = {https://linkinghub.elsevier.com/retrieve/pii/S0022460X96900668},
	doi = {10.1006/jsvi.1996.0066},
	language = {en},
	number = {3},
	urldate = {2025-04-26},
	journal = {Journal of Sound and Vibration},
	author = {Bull, M.K.},
	month = feb,
	year = {1996},
	pages = {299--315},
	file = {PDF:/home/masseyj/snap/zotero-snap/common/Zotero/storage/3TVC6Z2Y/Bull - 1996 - WALL-PRESSURE FLUCTUATIONS BENEATH TURBULENT BOUNDARY LAYERS SOME REFLECTIONS ON FORTY YEARS OF RES.pdf:application/pdf},
}
